3538 5190
768 595 813 640 DE
836 595 1069 642 MATRIMONIO.

744 777 798 839 Da
814 776 937 841 Fonun
950 777 1093 839 Vnum.

383 918 423 981 97
427 967 433 980 .
477 917 527 980 Ea
544 926 677 981 tantum
694 918 904 981 matrimonia
920 919 1032 983 valida
1049 927 1126 982 sunt
1148 939 1232 999 quae
1250 921 1489 983 contrahuntur

342 1033 411 1097 sive
436 1053 546 1097 coram
571 1033 744 1097 Ordinario
768 1035 821 1097 vel
846 1035 998 1114 parocho,
1023 1035 1092 1098 sive
1117 1054 1227 1099 coram
1252 1036 1421 1100 sacerdote
1445 1037 1488 1102 ab

342 1149 501 1214 alterutro
535 1150 693 1228 delegato,
725 1150 813 1214 intra
845 1151 926 1214 fines
959 1151 1123 1215 territorio
1157 1151 1219 1215 sibi
1252 1153 1424 1227 commissi,
1456 1161 1490 1216 et

342 1265 472 1330 duobus
501 1267 650 1330 testibus.
707 1267 844 1346 Propter
873 1267 1050 1346 peculiares
1080 1267 1171 1346 apud
1198 1288 1259 1331 nos
1288 1268 1490 1333 conditiones

341 1382 527 1460 delegamus
548 1382 690 1461 singulos
710 1383 848 1446 vicarios
869 1392 1103 1462 cooperatores,
1127 1384 1246 1464 quibus
1267 1385 1489 1449 commisimus

341 1498 516 1561 facultates
538 1519 597 1577 pro
620 1519 698 1562 cura
720 1499 913 1574 animannn,
938 1499 981 1563 ad
1003 1500 1112 1563 valide
1126 1500 1352 1582 assistendum
1374 1502 1489 1565 matri-

338 1614 457 1678 moniis
478 1615 709 1678 tantummodo
730 1615 817 1679 intra
836 1616 918 1679 fines
939 1616 1024 1679 illius
1045 1616 1213 1694 paroeciae
1233 1617 1287 1680 cui
1307 1617 1446 1697 quisque
1466 1639 1487 1681 a

340 1729 454 1805 Nobis,
479 1731 580 1795 etiam
603 1731 646 1794 ad
668 1733 767 1795 breve
789 1740 929 1811 tempus,
955 1732 1122 1808 statuitur,
1147 1741 1180 1796 et
1203 1753 1316 1797 revera
1339 1733 1485 1798 inservit.

343 1845 438 1926 (Can.
466 1847 633 1925 1094-96.)

381 1983 431 2045 98.
476 1981 612 2045 Parochi
637 1990 805 2059 praeterea
829 1990 864 2045 et
889 1982 950 2060 ipsi
976 1981 1109 2061 quidem
1134 1982 1202 2057 soli,
1230 1983 1328 2046 salvis
1355 1982 1486 2048 Nostris

339 2097 475 2176 juribus
497 2105 634 2176 possunt
655 2098 802 2176 delegare
822 2097 902 2162 alios
925 2107 1054 2176 praeter
1074 2098 1277 2177 supradictos
1302 2099 1486 2164 sacerdotes

337 2221 386 2288 ut,
403 2213 490 2294 intra
504 2213 687 2293 paroeciam
701 2214 889 2292 delegantis,
905 2215 1114 2277 matrimonio
1127 2215 1235 2278 valide
1249 2215 1414 2280 assistant.
1445 2217 1486 2279 In

338 2329 427 2394 omni
460 2331 572 2393 autem
605 2351 682 2393 casu
715 2330 757 2394 sit
790 2330 939 2393 sacerdos
971 2330 1139 2408 delegatus
1171 2331 1408 2395 determinatus
1441 2332 1484 2395 ad

287 2487 289 2494 ·
337 2446 584 2510 matrimonium
617 2446 881 2521 determinatum,
916 2455 1153 2527 moneaturqne
1186 2448 1255 2526 ipse
1289 2469 1331 2511 ne
1363 2448 1484 2513 limites

338 2561 488 2626 licentiae
504 2583 582 2626 suae
598 2563 864 2642 transgrediatur.
911 2562 1002 2642 (Syn.
1020 2563 1071 2638 V.,
1089 2565 1143 2639 80;
1173 2563 1255 2627 Can.
1276 2563 1382 2641 1096.)

379 2697 429 2761 99.
474 2696 686 2759 Meminerint
725 2697 908 2759 sacerdotes
946 2696 1026 2759 illud
1065 2704 1198 2760 tantum
1236 2697 1484 2761 matrimonium

337 2832 406 2876 esse
415 2812 562 2875 validum
575 2811 627 2876 cui
641 2812 763 2876 assistit
777 2813 926 2876 sacerdos
939 2813 996 2892 qui
1009 2813 1078 2892 ipse
1091 2813 1190 2876 libere
1203 2813 1338 2893 requirit
1349 2813 1486 2894 excipit·

337 2948 402 3009 que
424 2928 687 2992 contrahentium
709 2948 893 2991 consensus,
940 2927 1035 3005 (Can.
1064 2926 1168 3004 1095.)

744 3126 798 3189 Da
813 3127 936 3189 Forum
942 3123 1078 3189 ⁰L101m.

380 3271 449 3334 100.
493 3268 609 3346 Quoad
630 3268 816 3342 liceitatem,
840 3267 1042 3331 strictissime
1063 3268 1286 3332 interdicimus
1307 3269 1484 3336 sacerdoti-

315 3365 398 3450 ¹bus
420 3406 462 3448 ne
484 3385 557 3465 quis
580 3385 680 3448 etiam
703 3384 788 3447 intra
810 3384 977 3463 paroeciae
1000 3405 1078 3448 suae
1099 3385 1189 3460 fines,
1214 3385 1347 3449 assistat
1370 3385 1484 3450 matri-

335 3502 446 3567 monio
469 3501 647 3565 alienorum
670 3501 877 3565 subditorum
900 3499 968 3564 sine
991 3501 1122 3564 licentia
1144 3522 1257 3565 eorum
1280 3502 1414 3581 parochi
1430 3503 1484 3566 vel

337 3618 473 3694 Nostra;
504 3626 681 3696 praeterea,
703 3617 730 3679 si
749 3617 905 3679 alteruter
924 3616 1189 3696 contrahentium
1208 3617 1251 3682 sit
1270 3617 1483 3682 habitualiter

335 3754 449 3812 vagus,
472 3733 594 3796 nemini
618 3733 694 3797 licet
719 3753 832 3796 eorum
855 3733 1065 3798 matrimonio
1091 3733 1240 3797 assistere
1266 3734 1335 3797 sine
1359 3734 1483 3799 Nostra

335 3849 468 3914 licentia
481 3869 501 3913 a
515 3848 716 3912 Cancellario
729 3846 880 3927 petenda.
928 3846 1018 3927 (Syn.
1033 3850 1084 3924 V.‚
1099 3851 1154 3926 82;
1180 3849 1262 3913 Can.
1279 3848 1384 3928 1032.)

380 3986 449 4046 101.
493 3983 657 4045 Parochus
683 3981 826 4060 graviter
850 3981 1074 4045 filiosfamilias
1099 3983 1240 4046 minores
1264 3984 1415 4048 hortetur
1440 4004 1482 4048 ne

335 4099 471 4180 nuptias
498 4099 619 4173 ineant,
649 4097 757 4161 insciis
784 4106 843 4161 ant
870 4098 1107 4162 rationabiliter
1134 4098 1246 4163 invitis
1277 4100 1480 4178 parentibus;

338 4215 454 4295 quodsi
475 4215 658 4288 obnuerint,
682 4233 795 4277 eorum
819 4214 1028 4278 matrimonio
1049 4235 1091 4277 ne
1112 4215 1244 4279 assistat
1269 4215 1331 4279 nisi
1357 4215 1480 4280 Nostro

337 4331 539 4399 Cancellario
553 4331 642 4410 prius
656 4331 814 4395 consulto.
861 4329 956 4410 (Can.
975 4329 1078 4408 1034.)
