3538 5190
716 595 1014 642 CONSTITUTIONES.

710 841 923 912 'TITULUS
951 843 1020 912 1v.

566 1005 628 1076 De
652 983 924 1077 Sacramenta
947 1011 1168 1090 baptismi.

213 1225 215 1229 .
335 1170 386 1232 34.
430 1169 592 1247 Quoniam
616 1171 809 1249 baptismus
833 1180 1112 1236 sacramentonrm
1136 1173 1238 1251 janua
1263 1182 1296 1237 et
1322 1174 1440 1236 funda-

293 1293 452 1360 mentum,
472 1286 624 1353 omnibus
641 1287 676 1348 in
693 1307 728 1349 re
745 1288 798 1349 vel
817 1288 933 1350 saltem
951 1289 986 1350 in
1003 1297 1084 1352 voto
1111 1291 1309 1352 necessarius
1328 1298 1377 1353 est
1396 1281 1449 1353 ad

295 1401 443 1476 salutem,
465 1411 662 1465 moneantur
682 1411 833 1481 parentes
853 1412 893 1467 ut
914 1412 1010 1468 natos
1031 1405 1174 1468 infantes
1195 1390 1440 1484 quamprimum

295 1518 337 1581 ad
352 1518 518 1580 ecclesiam
533 1519 681 1582 deferant
695 1519 921 1598 baptizandos,
938 1529 1039 1600 atque
1053 1521 1163 1584 faciles
1178 1542 1247 1584 sese
1262 1523 1441 1600 praebeant

294 1634 476 1698 sacerdotes
494 1642 534 1697 ut
553 1635 633 1697 illud
652 1655 719 1698 non
736 1644 869 1699 tanturn
888 1637 941 1700 die
961 1637 1143 1713 Dominica,
1164 1646 1223 1700 aut
1246 1639 1298 1701 bis
1316 1639 1369 1701 vel
1390 1646 1442 1701 ter

294 1758 427 1812 tantum
445 1750 481 1813 in
498 1751 713 1826 hebdomada,
734 1753 791 1814 sed
810 1754 899 1816 omni
918 1753 971 1817 die
989 1754 1217 1817 administrare
1236 1755 1344 1833 parati
1362 1755 1440 1819 sint.

299 1865 390 1945 (Syn.
411 1867 478 1943 IV..
498 1869 551 1944 64;
578 1868 660 1930 Can.
680 1870 750 1943 737,
770 1868 856 1946 770.)

336 2019 386 2080 35.
431 2016 483 2078 De
496 2017 689 2080 necessitate
705 2018 862 2097 baptismi
874 2019 993 2082 iterum
1005 2041 1044 2083 ac
1056 2021 1185 2098 saepius
1197 2022 1336 2099 populns
1348 2041 1442 2083 mon-

250 2184 257 2199 „
295 2141 389 2196 eatur
414 2133 526 2208 fidelis,
555 2141 588 2196 et
614 2135 860 2211 praemuniatur
886 2144 1000 2199 contra
1024 2137 1205 2199 nefandum
1231 2137 1311 2199 illud
1337 2138 1441 2200 scelus

294 2248 468 2324 homicidii,
498 2258 570 2312 tam
598 2249 774 2328 spiritualis
802 2271 902 2330 quarn
930 2253 1114 2330 corporalis,
1144 2273 1210 2331 quo
1237 2252 1346 2315 infans
1373 2273 1442 2315 non

294 2365 482 2444 baptizatus
509 2366 544 2457 in
570 2374 664 2429 utero
692 2367 885 2430 interficitur
912 2368 1036 2431 matris
1081 2368 1222 2432 Curetur
1249 2377 1288 2432 ut
1315 2389 1440 2444 omneS,

294 2481 454 2560 imprimis
466 2502 544 2545 vero
561 2482 703 2545 nutrices
717 2491 751 2546 et
768 2483 967 2558 obstetrices
984 2492 1026 2558 et,
1043 2494 1206 2563 quantum
1222 2484 1291 2547 fieri
1309 2485 1440 2564 poterit,

294 2597 421 2672 medici,
443 2599 527 2661 bene
547 2599 686 2663 calleant
706 2599 843 2661 modum
864 2600 984 2677 privati
1006 2601 1162 2679 baptismi
1184 2601 1378 2691 conferendi,
1403 2611 1443 2665 ut

296 2713 376 2777 illud
388 2714 423 2776 in
435 2734 513 2777 casu
525 2714 727 2777 necessitatis
740 2715 967 2780 administrare
980 2717 1094 2780 sciant.
1139 2714 1231 2796 (Syn.
1248 2718 1305 2793 II.,
1322 2719 1372 2794 57,
1389 2720 1442 2796 58;

297 2829 379 2893 Can.
394 2832 464 2905 743,
480 2833 612 2906 746-48,
628 2829 713 2908 770.)

337 2982 388 3044 36.
431 2980 481 3043 Sit
495 3000 616 3043 nomen
629 2980 834 3059 baptismale,
851 2991 1013 3060 quatenus
1027 2983 1096 3045 fieri
1112 2944 1231 3062 potest,
1248 3005 1266 3046 e
1281 2985 1443 3062 Catalogo

297 3096 491 3161 Sanctorum
508 3097 753 3176 depromptum.
800 3088 891 3177 (Syn.
912 3091 970 3175 11,
990 3097 1057 3178 60.)

337 3247 388 3311 37.
433 3247 585 3309 Petrinus
596 3267 682 3309 unus
696 3255 838 3321 tantum,
853 3248 928 3310 licet
946 3248 1065 3311 diversi
1083 3269 1176 3312 sexus
1193 3270 1214 3314 a
1230 3249 1441 3328 baptizando,

296 3363 349 3426 vel
373 3362 417 3426 ad
442 3383 607 3426 sumrmrm
630 3383 716 3426 unus
741 3372 775 3427 et
799 3383 867 3426 una
891 3364 1118 3440 adhibeantur,
1146 3366 1202 3444 qui
1227 3366 1348 3429 debent
1374 3386 1443 3430 esse

298 3479 448 3543 catholici
465 3480 577 3558 quales
594 3479 737 3543 Ecclesia
753 3480 899 3558 requirit,
917 3481 1024 3544 idonei
1045 3481 1166 3544 scilicet
1187 3490 1287 3560 atque
1308 3501 1443 3573 capaces

295 3595 372 3659 huic
393 3594 529 3669 muneri,
553 3595 611 3658 ubi
634 3616 716 3674 opus
738 3597 846 3670 luerit,
872 3597 1100 3661 satisfaciendi.
1145 3597 1220 3660 Sine
1243 3598 1366 3661 Nostra
1389 3619 1444 3660 ex-

198 3799 207 3812 ·
296 3731 406 3791 pressa
418 3711 549 3774 licentia
562 3712 670 3774 nullus
684 3712 718 3774 in
731 3713 829 3775 sacris
842 3713 1010 3777 ordinibus
1027 3714 1226 3777 constitutus
1239 3722 1278 3776 ut
1292 3714 1442 3793 patrinus

297 3828 503 3892 admittatur.
550 3826 642 3908 (Syn.
661 3828 712 3904 V.,
731 3831 786 3904 40;
812 3829 894 3891 Can.
912 3831 981 3904 761,
998 3831 1068 3904 764,
1086 3829 1171 3907 767.)

338 3979 389 4043 38.
432 3978 590 4041 Volumus
623 3985 672 4052 ut,
699 3977 733 4040 in
758 3986 920 4056 quantum
945 3978 980 4041 id
1004 3978 1073 4041 fieri
1098 3979 1210 4056 possit,
1236 3979 1352 4054 adulti,
1380 3979 1444 4043 rite

297 4093 457 4158 admoniti
470 4101 510 4156 ut
524 4093 565 4156 de
579 4093 721 4172 peccatis
736 4094 801 4156 suis
815 4093 957 4168 doleant,
973 4102 1051 4157 ante
1066 4095 1205 4157 Missam
1218 4096 1442 4174 baptizentur;

297 4210 388 4274 etin
412 4210 525 4285 Missa,
547 4210 735 4293 regulariter
756 4210 940 4288 baptizanti
963 4210 1165 4286 celebranda,
1188 4212 1321 4275 Sacram
1344 4213 1444 4275 Com-

297 4318 486 4390 munionem
511 4326 679 4404 recipiant.
723 4326 942 4404 Indulgemus,
971 4327 1049 4407 quia
1074 4347 1146 4391 mos
1171 4328 1241 4406 jam
1267 4329 1356 4406 apud
1382 4349 1443 4393 nos
