3538 5190
735 582 1034 628 consrrrurlones.
1417 564 1458 626 33

312 768 503 838 acceptatae
529 762 571 823 ab
598 761 719 823 eisdem
745 760 951 838 obligationis
978 768 1011 823 et
1037 760 1159 839 recepti
1185 761 1339 841 stipendii
1365 761 1458 826 testi-

200 909 201 912 *
285 876 457 939 'monium
475 877 685 940 obtinuerint.
730 876 793 954 Qui
816 877 994 939 Missamm
1011 877 1111 954 stipes
1127 879 1296 940 manuales
1314 879 1357 941 ad
1378 879 1458 941 alios

310 994 516 1067 transmittit,
554 994 652 1056 debet
687 1001 838 1072 acceptas
873 993 997 1071 integre
1031 994 1263 1069 transmittere,
1299 995 1363 1057 nisi
1397 1004 1459 1058 aut

310 1110 439 1173 oblator
455 1129 602 1188 expresse
623 1110 794 1190 permittat
816 1109 940 1188 aliquid
962 1110 1109 1184 retinere,
1134 1119 1193 1173 aut
1216 1119 1305 1174 certo
1327 1118 1456 1175 constet

310 1245 475 1289 excessum
510 1245 608 1305 supra
642 1234 754 1288 taxam
789 1226 1014 1288 dioecesanam
1048 1226 1165 1288 datum
1199 1223 1315 1289 fuisse
1332 1227 1458 1290 intuitu

311 1361 476 1421 personae.
523 1341 618 1420 (Can.
642 1341 811 1420 838-840.)

353 1502 402 1565 58.
446 1501 513 1564 Ubi
543 1500 647 1564 Missa
676 1499 823 1578 specialis
852 1500 896 1562 ad
924 1499 1122 1563 intentiones
1150 1501 1330 1564 multorum
1359 1500 1459 1564 indis·

311 1617 517 1691 criminatim,
545 1625 584 1680 ut
610 1616 645 1678 in
671 1617 723 1679 die
750 1615 1077 1679 Commemorationis
1103 1616 1259 1679 Omnium
1285 1617 1457 1692 Fidelium,

311 1733 476 1808 offeratur,
510 1733 643 1811 singulis
673 1732 800 1796 vicibus
831 1731 964 1810 praevia
995 1740 1029 1795 et
1061 1732 1196 1810 diligens
1227 1732 1377 1796 iacienda
1408 1741 1459 1796 est

312 1849 433 1929 populo
450 1849 554 1913 totius
571 1849 618 1912 rei
636 1849 821 1927 explicatio;
852 1867 943 1911 secus
961 1848 1106 1927 accipere
1123 1849 1296 1926 penuriam
1313 1849 1460 1913 fidelium

312 1987 371 2046 pro
384 1966 488 2030 Missa
498 1965 687 2044 hujusmodi
698 1985 765 2028 non
776 1965 861 2029 licet.
906 1965 1191 2028 Pecuniainhunc
1202 1965 1301 2028 finem
1312 1967 1458 2041 collecta,
1569 2005 1571 2010 -

312 2083 421 2166 siqua
435 2082 488 2156 sit,
505 2089 578 2145 tota
592 2083 735 2161 parocho
750 2082 846 2145 cedit.
894 2080 984 2160 (Syn.
1002 2082 1058 2157 11..
1079 2080 1162 2159 140.)

354 2242 404 2305 59.
448 2240 581 2319 Absque
597 2239 803 2303 antecedenti
820 2259 977 2302 consensu
994 2239 1156 2303 Ordinarii
1172 2259 1240 2303 non
1258 2240 1334 2303 licet
1354 2240 1461 2303 facere

312 2357 530 2431 fundationes
549 2357 602 2420 vel
621 2357 689 2420 ullo
708 2356 807 2419 modo
824 2356 985 2434 suscipere
1001 2376 1100 2419 onera
1118 2345 1295 2420 Missamm
1316 2357 1351 2419 in
1371 2357 1461 2420 inde-

312 2475 444 2538 finitum
456 2483 596 2552 tempus.
640 2474 674 2536 Si
691 2493 775 2552 quae
792 2480 979 2536 contractae
995 2472 1116 2536 fuerint
1132 2473 1321 2551 hujusmodi
1338 2473 1461 2552 obliga-

220 2571 225 2581 ·
313 2592 419 2655 tiones
435 2591 470 2653 in
486 2590 597 2669 aliqua
613 2589 755 2663 ecclesia,
771 2589 839 2652 sive
854 2589 1009 2653 saeculari
1023 2589 1092 2652 sive
1107 2589 1266 2667 religiosa,
1283 2590 1461 2654 servandus

270 2771 273 2776 .
313 2708 418 2772 estin
438 2708 585 2772 sacristia
607 2707 696 2780 liber,
719 2707 776 2786 qui
799 2707 840 2770 de
863 2707 1015 2770 oneribus
1038 2706 1199 2785 impositis
1222 2715 1256 2770 et
1280 2707 1460 2786 acceptatis

314 2826 412 2891 fidem
429 2825 539 2887 iaciat.
587 2821 847 2902 (Syn.II.,141;
876 2823 958 2908 Can.
980 2825 1068 2898 1546,
1090 2822 1194 2900 1549.)

277 2999 278 3003 ’
355 2976 405 3038 60.
449 2975 674 3060 Recordentur
697 2972 830 3050 parochi
854 2981 887 3034 et
910 2971 1023 3034 vicarii
1046 2972 1214 3035 oeconomi
1239 2973 1378 3036 Missam
1401 2993 1462 3052 pro

315 3091 436 3169 populo
460 3091 521 3153 sibi
544 3089 726 3164 commisso,
752 3089 854 3152 etiam
879 3088 994 3154 diebus
1019 3089 1112 3153 festis
1138 3089 1329 3169 suppressis
1355 3089 1463 3169 appli-

316 3227 390 3270 care
418 3226 453 3270 se
480 3206 598 3290 teneri;
629 3226 649 3269 a
678 3225 744 3284 qua
772 3205 991 3285 applicatione
1019 3205 1046 3268 si
1072 3206 1215 3284 legitime
1241 3207 1463 3285 impediantur

317 3323 423 3387 sciant
451 3343 486 3386 se
512 3321 712 3401 obligatione
738 3322 842 3385 teneri
870 3342 928 3401 per
955 3322 1057 3386 alium
1086 3322 1290 3386 sacerdotem
1322 3323 1463 3386 Missam

315 3440 371 3503 illa
393 3439 446 3503 die
467 3439 641 3518 applicare.
688 3437 783 3516 (Can.
803 3440 874 3514 466,
895 3441 965 3513 473,
985 3437 1071 3518 475.)

351 3689 477 3753 Secrro
498 3690 528 3752 2.
572 3687 628 3750 De
648 3687 880 3752 Sancrrssnro
899 3687 1162 3751 Eucfflnrsrrre
1182 3687 1427 3766 Sacmnenro.

359 3858 408 3920 61.
452 3855 587 3918 Summa
622 3854 665 3916 sit
698 3852 907 3919 sacerdotum
937 3873 1015 3916 cura
1044 3861 1083 3916 ut
1114 3861 1148 3916 et
1179 3853 1241 3931 ipsi
1271 3853 1463 3917 Venerabile

317 3970 542 4035 Eucharistiae
565 3970 813 4052 Sacramentum
836 3969 926 4032 omni
949 3969 1131 4032 reverentia
1154 3969 1351 4043 custodiant,
1376 3978 1463 4033 trac-

317 4097 399 4163 tent,
444 4087 682 4161 administrent,
726 4094 760 4149 et
800 4087 834 4149 in
874 4086 1025 4149 omnibus
1067 4086 1237 4160 honorent,
1282 4094 1382 4166 atque
1423 4093 1463 4150 ut

316 4205 427 4269 fideles
469 4203 550 4267 illud
593 4211 704 4267 sancte
747 4202 934 4281 suscipiant,
979 4202 1140 4282 digneque
1182 4204 1301 4267 colant.
1370 4200 1461 4282 (Syn.

193 4304 195 4308 ’
320 4321 377 4397 11,
406 4319 471 4397 73.)
