3538 5190
306 590 347 652 24
685 608 729 652 oa
752 608 1070 653 Assocmrromaus.

306 785 356 849 uti
381 795 547 864 tenentur;
578 788 668 867 quod
692 788 775 851 item
801 789 981 851 statuimus
1006 808 1065 866 pro
1089 788 1239 866 parochis
1262 787 1454 865 hujusmodi

304 903 524 967 ecclesiarum.
570 905 649 982 Jure
671 913 786 968 tamen
809 905 969 968 hodierno
993 905 1204 983 prohibemur
1228 905 1308 984 quin
1329 924 1454 968 novam

307 1021 492 1098 paroeciam
511 1021 750 1085 constituamus
771 1041 830 1100 pro
851 1021 1041 1084 diversitate
1062 1021 1217 1084 sermonis
1237 1021 1290 1083 vel
1311 1021 1454 1084 nationis

305 1136 452 1200 fidelium
467 1138 503 1201 in
519 1138 636 1202 eodem
653 1138 819 1202 territorio
837 1138 1038 1216 degentium.
1085 1135 1180 1214 (Can.
1199 1135 1285 1216 216.)

347 1306 396 1366 22.
441 1304 594 1367 Parochis
620 1304 820 1382 injungimus
846 1313 885 1367 ut
912 1304 1057 1367 habeant
1085 1304 1205 1367 librum
1233 1303 1347 1366 Status
1375 1302 1454 1366 Ani-

304 1439 443 1494 marum,
466 1420 501 1482 in
522 1441 587 1499 quo
608 1421 827 1484 inscribantur
847 1421 990 1495 nomina,
1012 1420 1071 1483 ubi
1092 1421 1127 1484 id
1148 1420 1218 1483 fieri
1239 1427 1358 1498 potest,
1381 1419 1454 1482 uni·

305 1536 503 1615 uscujusque
543 1537 681 1600 membri
718 1538 915 1600 familiarum
953 1538 996 1600 ad
1030 1537 1312 1616 congregationem
1354 1536 1455 1614 perti·

223 1635 225 1639 ¹
305 1652 464 1727 nentium,
483 1673 559 1716 cum
574 1654 671 1717 factis
688 1663 722 1717 et
738 1654 865 1716 notitiis
885 1674 970 1733 quae
990 1653 1266 1716 administrationi
1285 1653 1455 1732 paroeciae

305 1769 458 1848 prodesse
474 1777 620 1847 possunt.
667 1767 759 1850 (Syn.
780 1770 849 1845 IV.‚
866 1772 920 1846 63;
945 1770 1026 1832 Can.
1057 1769 1144 1848 470.)

742 2103 950 2174 TlTULUS
969 2104 1020 2173 11.

649 2277 710 2348 De
733 2279 1116 2350 Assoclutlonlbus.

349 2461 399 2523 23.
442 2459 625 2537 Jubeantur
637 2457 747 2522 fideles
759 2468 798 2522 ut
812 2459 1083 2524 associationibus
1100 2459 1230 2522 secretis
1247 2458 1381 2522 omnino
1398 2459 1456 2522 ab·

306 2575 461 2651 stineant,
482 2583 557 2637 tum
578 2574 618 2637 iis
640 2575 830 2653 praesertim
853 2595 938 2655 quae
960 2575 1156 2639 nominatim
1179 2574 1357 2638 damnatae
1378 2583 1454 2639 sunt

307 2699 381 2756 tum
404 2691 444 2754 iis
468 2711 553 2770 quae
577 2691 882 2770 quomodocumque
905 2691 981 2754 fidei
1005 2699 1064 2754 aut
1088 2691 1234 2755 moribus
1258 2691 1455 2755 offendiculo

306 2828 376 2871 esse
407 2807 546 2886 possint;
589 2808 632 2871 de
662 2807 751 2870 hisce
781 2827 859 2870 vero
890 2808 1097 2871 meminerint
1131 2808 1314 2872 sacerdotes
1356 2808 1455 2871 solius

307 2924 471 2989 Ordinarii
484 2944 553 2987 esse
565 2923 711 3001 judicare
724 2944 768 2986 an
781 2924 976 2987 nominatim
990 2924 1243 3002 prohibitionem
1256 2933 1454 2988 mereantur.

310 3038 403 3118 (Syn
427 3041 478 3114 V·‚
502 3039 547 3117 9·)

351 3200 400 3262 24.
445 3199 614 3277 Quaelibet
642 3198 813 3264 associatio
838 3199 999 3264 catholica
1031 3200 1067 3262 in
1096 3201 1159 3264 hac
1193 3200 1332 3264 dioecesi
1369 3201 1456 3264 inter

306 3315 459 3380 officiales
483 3325 630 3394 regentes
655 3316 753 3380 debet
777 3316 897 3379 habere
923 3316 1124 3380 sacerdotem
1149 3317 1248 3395 hujus
1273 3317 1456 3380 dioeceseos

307 3432 365 3512 qui
379 3452 499 3495 munus
515 3431 696 3511 cappellani
711 3453 768 3496 seu
784 3432 951 3495 directoris
966 3433 1143 3511 spiritualis
1158 3433 1305 3512 impleat.

351 3600 400 3664 25.
445 3600 508 3662 Pro
525 3599 793 3663 associationibus
812 3619 896 3680 quae
918 3600 1031 3663 stricte
1051 3600 1247 3678 paroeciales
1271 3609 1358 3676 sunt,
1385 3600 1456 3679 ipse

308 3717 469 3795 parochus
493 3716 719 3794 cappellanum
743 3716 852 3794 eliget;
889 3737 948 3794 pro
983 3717 1134 3780 omnibus
1171 3717 1243 3780 aliis
1268 3737 1353 3796 quae
1388 3737 1456 3780 non

307 3841 386 3897 sunt
413 3832 526 3896 stricte
555 3832 750 3910 paroeciales
776 3853 797 3897 a
824 3832 929 3896 Nobis
958 3833 1125 3912 eligendus
1154 3841 1205 3897 est
1235 3832 1454 3911 cappellanus.

310 3949 435 4013 Electio
470 3947 651 4027 cappellani
685 3969 744 4027 per
777 3948 931 4026 suffragia
964 3949 1186 4012 membrorum
1231 3947 1457 4014 associationis

213 4116 215 4120 a
309 4065 440 4129 tolerari
464 4085 531 4128 non
553 4073 672 4144 potest.
720 4056 816 4136 (Can.
837 4064 923 4142 698.)

351 4235 401 4296 26.
445 4232 536 4295 Nulli
553 4232 713 4296 sacerdoti
729 4232 827 4309 hujus
838 4232 1019 4296 dioeceseos
1030 4231 1218 4295 concionem
1234 4232 1356 4296 habere
1367 4234 1457 4311 apud

309 4349 501 4413 societatem
531 4348 746 4412 acatholicam
775 4348 886 4413 licebit
917 4349 986 4412 sine
1016 4368 1164 4427 expressa
1194 4349 1291 4412 venia
1321 4349 1458 4414 Nostra:
