3538 5190
729 585 1029 632 cousrrrurrouus.
1412 568 1455 631 55

350 768 418 829 144.
462 767 554 845 Quae
587 787 690 846 quum
718 766 812 829 dotes
845 765 1055 828 inveniantur
1088 765 1260 844 praecipue
1289 765 1323 828 in
1351 773 1451 832 cantu

307 882 515 961 Gregoriano,
545 903 673 946 necnon
702 883 736 945 in
766 882 899 945 classica
927 882 1126 960 poliphonia,
1156 882 1308 945 volumus
1337 890 1376 945 ut
1406 882 1452 944 illi

306 1000 342 1062 in
365 999 495 1062 Nostris
518 999 658 1063 ecclesiis
680 1000 784 1077 magis
807 999 975 1078 magisque
998 999 1216 1063 adhibeantur
1239 1007 1273 1062 et
1296 999 1331 1060 in
1354 998 1456 1061 sacris

307 1115 505 1179 solemnibus
534 1117 771 1194 praeferantur;
811 1115 936 1178 musica
963 1135 1041 1178 vero
1069 1115 1225 1178 hodierna
1253 1135 1358 1194 aequo
1386 1114 1454 1177 iere

302 1232 378 1312 jure
394 1232 606 1311 permittitur,
624 1232 803 1295 dummodo
815 1240 936 1306 tamen,
948 1251 1008 1294 nec
1025 1231 1119 1306 inse,
1137 1251 1197 1294 nec
1214 1231 1249 1293 in
1265 1231 1371 1294 forma
1387 1251 1454 1310 qua

306 1369 327 1412 a
345 1349 532 1412 cantoribus
554 1349 756 1427 proponitur,
772 1349 942 1414 theatralis
964 1349 1007 1412 sit
1023 1349 1076 1411 vel
1098 1349 1244 1426 prolana,
1264 1356 1298 1411 et
1320 1347 1456 1411 omnino

306 1467 454 1531 vitentur
481 1466 681 1544 permutatio
707 1475 741 1530 et
768 1467 920 1544 repetitio
946 1467 1130 1529 verborum.
1178 1463 1270 1544 (Syn.
1299 1466 1349 1540 V.,
1381 1467 1455 1541 108;

309 1583 390 1647 Can.
409 1582 513 1661 1264.)

352 1744 420 1805 145.
464 1741 511 1804 Ut
546 1741 665 1815 fideles,
702 1761 792 1804 more
825 1740 999 1818 majorum,
1036 1741 1152 1803 Sacrae
1188 1740 1352 1818 Liturgiae
1388 1739 1457 1803 sint

308 1877 418 1920 rursus
435 1857 620 1936 participes,
639 1857 736 1920 valde
753 1857 937 1935 optandum
954 1865 1004 1920 est
1020 1865 1060 1920 ut
1077 1857 1146 1935 ipse
1163 1857 1303 1936 populus
1331 1856 1457 1919 Divina

309 1974 424 2038 Officia
434 1982 567 2037 cantare
577 1974 746 2050 doceatur;
760 1973 895 2051 proinde
905 1973 1101 2036 mandamus
1113 1982 1152 2037 ut
1165 1974 1200 2035 in
1213 1973 1330 2036 scholis
1342 1992 1457 2051 paroe-

309 2091 444 2154 cialibus
470 2089 597 2153 Cantus
623 2089 841 2167 Gregorianus
871 2090 979 2152 locum
1009 2090 1094 2152 inter
1119 2097 1293 2167 praecepta
1317 2089 1452 2163 habeat,

307 2215 412 2286 utque
429 2206 519 2284 pueri
537 2206 746 2270 Ordinarium
764 2206 887 2268 Missae
903 2205 1158 2285 praecipuosque
1174 2206 1314 2284 hymnos
1330 2205 1458 2283 liturgi-

309 2344 364 2387 cos
384 2323 486 2386 latine
506 2323 678 2386 addiscant
699 2331 732 2386 et
753 2323 802 2386 ita
822 2329 1031 2385 exerceantur
1050 2330 1100 2396 ut,
1123 2321 1157 2384 in
1178 2322 1318 2385 ecclesiis
1339 2323 1456 2384 saltem

308 2440 497 2518 majoribus,
521 2439 609 2503 chori
631 2459 814 2517 puerorum,
837 2440 894 2519 qui
916 2439 950 2502 in
970 2439 1083 2502 officiis
1103 2438 1260 2517 liturgicis
1281 2438 1458 2501 decantare

309 2557 451 2631 valeant,
465 2556 649 2619 habeantur
661 2564 694 2619 et
706 2564 938 2619 restaurentur.
985 2553 1075 2634 (Syn.
1089 2556 1141 2635 V.,
1157 2554 1240 2633 109.)

355 2839 423 2901 146.
468 2836 690 2900 Processiones
711 2856 820 2899 sacrae
841 2837 990 2914 publicae
1010 2844 1101 2900 extra
1122 2836 1284 2900 ambitum
1305 2836 1459 2900 ecclesiae

311 2953 379 3017 sine
409 2954 532 3017 Nostro
562 2953 720 3031 permissu
749 2972 898 3031 expresso
926 2953 1060 3017 omnino
1089 2953 1312 3031 prohibentur.
1359 2951 1455 3030 (Can.

314 3072 404 3148 1291,
435 3068 540 3146 1293.)

355 3229 423 3292 147.
467 3229 601 3290 Prorsus
626 3226 813 3291 abstineant
837 3247 950 3290 omnes
975 3228 1158 3292 sacerdotes
1188 3248 1209 3290 a
1237 3227 1332 3290 novis
1359 3228 1461 3290 devo·

311 3344 465 3419 tionibus,
503 3343 634 3418 litaniis
673 3343 771 3406 sacris
808 3344 1003 3422 imaginibus
1040 3352 1073 3407 et
1110 3344 1269 3406 similibus
1305 3343 1460 3407 omnibus

311 3460 519 3523 instituendis
532 3460 601 3522 sine
613 3460 736 3523 Nostro
750 3461 879 3539 speciali
893 3461 1060 3539 permissu,
1074 3461 1128 3524 vel
1143 3480 1202 3539 pro
1215 3481 1302 3535 casu,
1317 3460 1462 3525 auctori-

311 3585 382 3640 tate
408 3576 548 3639 Sanctae
574 3577 666 3640 Sedis
694 3578 860 3640 mediante
891 3579 1014 3641 Nostra
1044 3578 1280 3655 supplicatione
1308 3579 1459 3642 obtenta.

312 3692 470 3757 Solemnis
486 3692 666 3771 imaginum
682 3694 866 3757 benedictio
883 3714 924 3756 ne
940 3694 1000 3757 fiat
1018 3695 1086 3756 sine
1105 3693 1228 3757 Nostra
1245 3694 1456 3772 delegatione.

312 3810 463 3873 Caveant
488 3810 621 3888 parochi
647 3809 816 3887 speciatim
841 3830 882 3872 ne
907 3811 1027 3873 abusos
1054 3810 1136 3873 tales
1163 3810 1198 3872 in
1225 3809 1292 3874 suis
1319 3810 1462 3874 ecclesiis

311 3926 515 4006 permittant.
563 3923 658 4002 (Can.
685 3926 774 4005 1259,
800 3925 889 4005 1279,
915 3923 1134 4004 1285,1286.)

356 4094 424 4156 148.
469 4091 569 4155 Haud
582 4091 708 4155 licitum
722 4100 771 4155 est
784 4091 934 4155 fidelibus
948 4092 1064 4171 quovis
1076 4092 1176 4155 modo
1189 4092 1298 4156 active
1310 4093 1462 4157 assistere

312 4227 369 4272 seu
392 4217 520 4287 partem
536 4208 656 4272 habere
678 4209 713 4271 in
735 4209 834 4272 sacris
861 4209 1125 4272 acatholicorum.
1180 4209 1324 4272 Tolerari
1350 4217 1460 4289 potest

312 4325 496 4405 praesentia
511 4326 641 4404 passiva
657 4345 713 4388 seu
727 4345 815 4389 mere
828 4325 1015 4400 materialis,
1033 4325 1136 4388 civilis
1151 4326 1248 4389 officii
1261 4327 1315 4389 vel
1328 4326 1463 4390 honoris
