<?xml version="1.0" encoding="UTF-8"?>
<!DOCTYPE html PUBLIC "-//W3C//DTD XHTML 1.0 Transitional//EN"
    "http://www.w3.org/TR/xhtml1/DTD/xhtml1-transitional.dtd">
<html xmlns="http://www.w3.org/1999/xhtml" xml:lang="en" lang="en">
 <head>
  <title>
</title>
<meta http-equiv="Content-Type" content="text/html;charset=utf-8" />
  <meta name='ocr-system' content='tesseract 3.04.00' />
  <meta name='ocr-capabilities' content='ocr_page ocr_carea ocr_par ocr_line ocrx_word'/>
</head>
<body>
  <div class='ocr_page' id='page_1' title='image "./constitutionesd00churgoog_0057.png"; bbox 0 0 3538 5190; ppageno 0'>
   <div class='ocr_carea' id='block_1_1' title="bbox 344 572 1368 638">
    <p class='ocr_par' dir='ltr' id='par_1_1' title="bbox 344 572 1368 638">
     <span class='ocr_line' id='line_1_1' title="bbox 344 572 1368 638; baseline 0.003 -5"><span class='ocrx_word' id='word_1_1' title='bbox 344 572 386 635; x_wconf 82' lang='lat'><strong>46</strong></span> <span class='ocrx_word' id='word_1_2' title='bbox 473 589 517 634; x_wconf 84' lang='lat' dir='ltr'><strong>DE</strong></span> <span class='ocrx_word' id='word_1_3' title='bbox 540 590 813 637; x_wconf 66' lang='lat' dir='ltr'><strong>Recursus-DE</strong></span> <span class='ocrx_word' id='word_1_4' title='bbox 836 589 1064 636; x_wconf 81' lang='lat' dir='ltr'><strong>COEMETERIIS</strong></span> <span class='ocrx_word' id='word_1_5' title='bbox 1086 591 1128 635; x_wconf 87' lang='grc' dir='ltr'><strong>ΕΤ</strong></span> <span class='ocrx_word' id='word_1_6' title='bbox 1151 591 1368 638; x_wconf 85' lang='lat' dir='ltr'><strong>SEPULTURIS.</strong></span> 
     </span>
    </p>
   </div>
   <div class='ocr_carea' id='block_1_2' title="bbox 765 835 1076 1065">
    <p class='ocr_par' dir='ltr' id='par_1_2' title="bbox 765 835 1076 1065">
     <span class='ocr_line' id='line_1_2' title="bbox 771 835 1076 907; baseline 0.003 -3"><span class='ocrx_word' id='word_1_7' title='bbox 771 835 977 907; x_wconf 79' lang='lat' dir='ltr'>TITULUS</span> <span class='ocrx_word' id='word_1_8' title='bbox 1006 837 1076 906; x_wconf 88' lang='lat' dir='ltr'><strong>xl.</strong></span> 
     </span>
     <span class='ocr_line' id='line_1_3' title="bbox 765 993 1073 1065; baseline 0.003 -2"><span class='ocrx_word' id='word_1_9' title='bbox 765 993 828 1064; x_wconf 85' lang='lat' dir='ltr'><strong>De</strong></span> <span class='ocrx_word' id='word_1_10' title='bbox 851 995 1073 1065; x_wconf 77' lang='lat' dir='ltr'><strong>Eccleslls.</strong></span> 
     </span>
    </p>
   </div>
   <div class='ocr_carea' id='block_1_3' title="bbox 343 1148 1495 2175">
    <p class='ocr_par' dir='ltr' id='par_1_3' title="bbox 343 1148 1495 1808">
     <span class='ocr_line' id='line_1_4' title="bbox 389 1148 1495 1227; baseline -0.002 -12"><span class='ocrx_word' id='word_1_11' title='bbox 389 1152 456 1215; x_wconf 88' lang='grc'>105.</span> <span class='ocrx_word' id='word_1_12' title='bbox 501 1150 548 1213; x_wconf 89' lang='lat' dir='ltr'><strong>Ut</strong></span> <span class='ocrx_word' id='word_1_13' title='bbox 565 1149 722 1212; x_wconf 78' lang='lat' dir='ltr'><strong>sanctitas</strong></span> <span class='ocrx_word' id='word_1_14' title='bbox 733 1148 940 1211; x_wconf 88' lang='lat' dir='ltr'><strong>ecclesiarum</strong></span> <span class='ocrx_word' id='word_1_15' title='bbox 950 1148 993 1211; x_wconf 89' lang='lat' dir='ltr'><strong>ab</strong></span> <span class='ocrx_word' id='word_1_16' title='bbox 1009 1149 1099 1211; x_wconf 90' lang='lat' dir='ltr'><strong>omni</strong></span> <span class='ocrx_word' id='word_1_17' title='bbox 1115 1149 1253 1227; x_wconf 81' lang='lat' dir='ltr'><strong>profano</strong></span> <span class='ocrx_word' id='word_1_18' title='bbox 1263 1169 1327 1212; x_wconf 91' lang='lat' dir='ltr'><strong>usu</strong></span> <span class='ocrx_word' id='word_1_19' title='bbox 1337 1149 1495 1213; x_wconf 87' lang='lat' dir='ltr'><strong>innnunis</strong></span> 
     </span>
     <span class='ocr_line' id='line_1_5' title="bbox 344 1265 1494 1345; baseline 0 -15"><span class='ocrx_word' id='word_1_20' title='bbox 344 1276 500 1341; x_wconf 86' lang='lat' dir='ltr'><strong>servetur,</strong></span> <span class='ocrx_word' id='word_1_21' title='bbox 530 1265 739 1345; x_wconf 82' lang='lat' dir='ltr'>prohibemus</span> <span class='ocrx_word' id='word_1_22' title='bbox 766 1284 808 1327; x_wconf 92' lang='lat' dir='ltr'><strong>ne</strong></span> <span class='ocrx_word' id='word_1_23' title='bbox 836 1265 871 1326; x_wconf 92' lang='lat' dir='ltr'><strong>in</strong></span> <span class='ocrx_word' id='word_1_24' title='bbox 899 1265 1014 1327; x_wconf 91' lang='lat' dir='ltr'><strong>iisdem</strong></span> <span class='ocrx_word' id='word_1_25' title='bbox 1041 1266 1108 1328; x_wconf 88' lang='lat' dir='ltr'><strong>ullo</strong></span> <span class='ocrx_word' id='word_1_26' title='bbox 1137 1274 1285 1344; x_wconf 89' lang='lat' dir='ltr'><strong>tempore</strong></span> <span class='ocrx_word' id='word_1_27' title='bbox 1314 1275 1494 1330; x_wconf 79' lang='lat' dir='ltr'><strong>concentus</strong></span> 
     </span>
     <span class='ocr_line' id='line_1_6' title="bbox 343 1381 1495 1461; baseline 0 -14"><span class='ocrx_word' id='word_1_28' title='bbox 343 1383 468 1457; x_wconf 87' lang='lat' dir='ltr'><strong>musici,</strong></span> <span class='ocrx_word' id='word_1_29' title='bbox 496 1403 538 1445; x_wconf 91' lang='lat' dir='ltr'><strong>ne</strong></span> <span class='ocrx_word' id='word_1_30' title='bbox 564 1382 646 1444; x_wconf 92' lang='lat' dir='ltr'><strong>sacri</strong></span> <span class='ocrx_word' id='word_1_31' title='bbox 674 1381 815 1461; x_wconf 86' lang='lat' dir='ltr'><strong>quidem,</strong></span> <span class='ocrx_word' id='word_1_32' title='bbox 843 1381 1036 1444; x_wconf 83' lang='lat' dir='ltr'>habeantur.</span> <span class='ocrx_word' id='word_1_33' title='bbox 1080 1383 1230 1446; x_wconf 89' lang='lat' dir='ltr'><strong>Vetitum</strong></span> <span class='ocrx_word' id='word_1_34' title='bbox 1258 1391 1308 1446; x_wconf 89' lang='lat' dir='ltr'><strong>est</strong></span> <span class='ocrx_word' id='word_1_35' title='bbox 1334 1403 1376 1446; x_wconf 91' lang='lat' dir='ltr'><strong>ne</strong></span> <span class='ocrx_word' id='word_1_36' title='bbox 1401 1383 1495 1447; x_wconf 88' lang='lat' dir='ltr'><strong>laicis</strong></span> 
     </span>
     <span class='ocr_line' id='line_1_7' title="bbox 343 1498 1494 1580; baseline 0.003 -19"><span class='ocrx_word' id='word_1_37' title='bbox 343 1500 487 1580; x_wconf 87' lang='lat' dir='ltr'><strong>personis</strong></span> <span class='ocrx_word' id='word_1_38' title='bbox 515 1518 663 1578; x_wconf 89' lang='lat' dir='ltr'><strong>unquam</strong></span> <span class='ocrx_word' id='word_1_39' title='bbox 692 1498 903 1576; x_wconf 81' lang='lat' dir='ltr'><strong>permittatur</strong></span> <span class='ocrx_word' id='word_1_40' title='bbox 931 1498 1033 1561; x_wconf 89' lang='lat' dir='ltr'><strong>verba</strong></span> <span class='ocrx_word' id='word_1_41' title='bbox 1062 1498 1105 1561; x_wconf 92' lang='lat' dir='ltr'><strong>ad</strong></span> <span class='ocrx_word' id='word_1_42' title='bbox 1134 1499 1293 1577; x_wconf 89' lang='lat' dir='ltr'><strong>populum</strong></span> <span class='ocrx_word' id='word_1_43' title='bbox 1322 1499 1428 1563; x_wconf 82' lang='lat' dir='ltr'><strong>iacere</strong></span> <span class='ocrx_word' id='word_1_44' title='bbox 1457 1499 1494 1564; x_wconf 87' lang='lat' dir='ltr'><strong>in</strong></span> 
     </span>
     <span class='ocr_line' id='line_1_8' title="bbox 343 1614 1492 1695; baseline 0.002 -16"><span class='ocrx_word' id='word_1_45' title='bbox 343 1616 483 1679; x_wconf 88' lang='lat' dir='ltr'><strong>ecclesiis</strong></span> <span class='ocrx_word' id='word_1_46' title='bbox 504 1614 684 1679; x_wconf 81' lang='lat' dir='ltr'><strong>benedictis</strong></span> <span class='ocrx_word' id='word_1_47' title='bbox 706 1614 774 1676; x_wconf 89' lang='lat' dir='ltr'><strong>sine</strong></span> <span class='ocrx_word' id='word_1_48' title='bbox 795 1614 1002 1692; x_wconf 85' lang='lat' dir='ltr'><strong>praecedenti</strong></span> <span class='ocrx_word' id='word_1_49' title='bbox 1024 1614 1187 1678; x_wconf 89' lang='lat' dir='ltr'><strong>Ordinarii</strong></span> <span class='ocrx_word' id='word_1_50' title='bbox 1208 1615 1349 1680; x_wconf 89' lang='lat' dir='ltr'><strong>licentia.</strong></span> <span class='ocrx_word' id='word_1_51' title='bbox 1397 1614 1492 1695; x_wconf 76' lang='lat' dir='ltr'><strong>(Syn.</strong></span> 
     </span>
     <span class='ocr_line' id='line_1_9' title="bbox 345 1728 916 1808; baseline -0.005 -11"><span class='ocrx_word' id='word_1_52' title='bbox 345 1733 489 1808; x_wconf 85' lang='lat'><strong>11.,177;</strong></span> <span class='ocrx_word' id='word_1_53' title='bbox 513 1732 580 1806; x_wconf 75' lang='lat' dir='ltr'><strong>IV,</strong></span> <span class='ocrx_word' id='word_1_54' title='bbox 594 1733 665 1794; x_wconf 87' lang='lat'><strong>254.</strong></span> <span class='ocrx_word' id='word_1_55' title='bbox 709 1730 791 1794; x_wconf 91' lang='lat' dir='ltr'><strong>Can.</strong></span> <span class='ocrx_word' id='word_1_56' title='bbox 813 1728 916 1808; x_wconf 85' lang='lat'>1178.)</span> 
     </span>
    </p>

    <p class='ocr_par' dir='ltr' id='par_1_4' title="bbox 343 1864 1493 2175">
     <span class='ocr_line' id='line_1_10' title="bbox 388 1864 1493 1943; baseline 0.001 -15"><span class='ocrx_word' id='word_1_57' title='bbox 388 1867 456 1930; x_wconf 89' lang='grc'><strong>106.</strong></span> <span class='ocrx_word' id='word_1_58' title='bbox 499 1865 648 1928; x_wconf 90' lang='lat' dir='ltr'><strong>Vetitum</strong></span> <span class='ocrx_word' id='word_1_59' title='bbox 670 1883 801 1943; x_wconf 89' lang='lat' dir='ltr'><strong>quoque</strong></span> <span class='ocrx_word' id='word_1_60' title='bbox 822 1872 872 1927; x_wconf 88' lang='lat' dir='ltr'><strong>est</strong></span> <span class='ocrx_word' id='word_1_61' title='bbox 894 1864 1022 1942; x_wconf 88' lang='lat' dir='ltr'><strong>affigere</strong></span> <span class='ocrx_word' id='word_1_62' title='bbox 1043 1864 1145 1927; x_wconf 88' lang='lat' dir='ltr'><strong>muris</strong></span> <span class='ocrx_word' id='word_1_63' title='bbox 1169 1865 1321 1928; x_wconf 89' lang='lat' dir='ltr'><strong>ecclesiae</strong></span> <span class='ocrx_word' id='word_1_64' title='bbox 1341 1865 1493 1930; x_wconf 88' lang='lat' dir='ltr'><strong>tabulam</strong></span> 
     </span>
     <span class='ocr_line' id='line_1_11' title="bbox 344 1980 1493 2063; baseline -0.001 -17"><span class='ocrx_word' id='word_1_65' title='bbox 344 1982 504 2063; x_wconf 74' lang='lat' dir='ltr'><strong>quamvis</strong></span> <span class='ocrx_word' id='word_1_66' title='bbox 518 1980 693 2060; x_wconf 86' lang='lat' dir='ltr'><strong>nequidem</strong></span> <span class='ocrx_word' id='word_1_67' title='bbox 705 1980 749 2043; x_wconf 89' lang='lat' dir='ltr'><strong>ad</strong></span> <span class='ocrx_word' id='word_1_68' title='bbox 762 1980 959 2058; x_wconf 89' lang='lat' dir='ltr'><strong>publicanda</strong></span> <span class='ocrx_word' id='word_1_69' title='bbox 971 1980 1105 2042; x_wconf 91' lang='lat' dir='ltr'><strong>nomina</strong></span> <span class='ocrx_word' id='word_1_70' title='bbox 1118 1981 1331 2059; x_wconf 88' lang='lat' dir='ltr'><strong>designatoris</strong></span> <span class='ocrx_word' id='word_1_71' title='bbox 1343 1981 1493 2046; x_wconf 83' lang='lat' dir='ltr'><strong>funebris</strong></span> 
     </span>
     <span class='ocr_line' id='line_1_12' title="bbox 343 2094 1028 2175; baseline -0.004 -12"><span class='ocrx_word' id='word_1_72' title='bbox 343 2107 402 2163; x_wconf 89' lang='lat' dir='ltr'><strong>aut</strong></span> <span class='ocrx_word' id='word_1_73' title='bbox 418 2099 570 2162; x_wconf 89' lang='lat' dir='ltr'><strong>ecclesiae</strong></span> <span class='ocrx_word' id='word_1_74' title='bbox 586 2097 718 2160; x_wconf 89' lang='lat' dir='ltr'><strong>aeditui.</strong></span> <span class='ocrx_word' id='word_1_75' title='bbox 765 2095 856 2175; x_wconf 86' lang='lat' dir='ltr'><strong>(Syn.</strong></span> <span class='ocrx_word' id='word_1_76' title='bbox 874 2098 924 2170; x_wconf 88' lang='lat' dir='ltr'><strong>V.,</strong></span> <span class='ocrx_word' id='word_1_77' title='bbox 945 2094 1028 2173; x_wconf 88' lang='lat'><strong>133.)</strong></span> 
     </span>
    </p>
   </div>
   <div class='ocr_carea' id='block_1_4' title="bbox 342 2230 1492 2660">
    <p class='ocr_par' dir='ltr' id='par_1_5' title="bbox 342 2230 1492 2660">
     <span class='ocr_line' id='line_1_13' title="bbox 387 2230 1492 2308; baseline 0.001 -14"><span class='ocrx_word' id='word_1_78' title='bbox 387 2233 455 2296; x_wconf 89' lang='grc'><strong>107.</strong></span> <span class='ocrx_word' id='word_1_79' title='bbox 499 2231 571 2295; x_wconf 88' lang='lat' dir='ltr'><strong>Etsi</strong></span> <span class='ocrx_word' id='word_1_80' title='bbox 600 2251 659 2308; x_wconf 91' lang='lat' dir='ltr'><strong>pro</strong></span> <span class='ocrx_word' id='word_1_81' title='bbox 687 2230 797 2308; x_wconf 87' lang='lat' dir='ltr'><strong>regula</strong></span> <span class='ocrx_word' id='word_1_82' title='bbox 826 2230 966 2308; x_wconf 86' lang='lat' dir='ltr'><strong>generali</strong></span> <span class='ocrx_word' id='word_1_83' title='bbox 993 2230 1155 2294; x_wconf 85' lang='lat' dir='ltr'><strong>habeatur</strong></span> <span class='ocrx_word' id='word_1_84' title='bbox 1183 2231 1360 2308; x_wconf 89' lang='lat' dir='ltr'><strong>prohibitio</strong></span> <span class='ocrx_word' id='word_1_85' title='bbox 1388 2231 1492 2295; x_wconf 87' lang='lat' dir='ltr'><strong>intro-</strong></span> 
     </span>
     <span class='ocr_line' id='line_1_14' title="bbox 343 2347 1490 2426; baseline 0 -14"><span class='ocrx_word' id='word_1_86' title='bbox 343 2349 482 2412; x_wconf 89' lang='lat' dir='ltr'><strong>ducendi</strong></span> <span class='ocrx_word' id='word_1_87' title='bbox 501 2349 535 2410; x_wconf 90' lang='lat' dir='ltr'><strong>in</strong></span> <span class='ocrx_word' id='word_1_88' title='bbox 553 2347 721 2410; x_wconf 90' lang='lat' dir='ltr'><strong>ecclesiam</strong></span> <span class='ocrx_word' id='word_1_89' title='bbox 738 2347 856 2410; x_wconf 86' lang='lat' dir='ltr'><strong>vexilla</strong></span> <span class='ocrx_word' id='word_1_90' title='bbox 875 2366 958 2426; x_wconf 88' lang='lat' dir='ltr'><strong>quae</strong></span> <span class='ocrx_word' id='word_1_91' title='bbox 977 2347 1124 2425; x_wconf 88' lang='lat' dir='ltr'><strong>religiosa</strong></span> <span class='ocrx_word' id='word_1_92' title='bbox 1142 2367 1209 2411; x_wconf 92' lang='lat' dir='ltr'><strong>non</strong></span> <span class='ocrx_word' id='word_1_93' title='bbox 1228 2356 1315 2422; x_wconf 88' lang='lat' dir='ltr'><strong>sunt,</strong></span> <span class='ocrx_word' id='word_1_94' title='bbox 1334 2349 1490 2412; x_wconf 89' lang='lat' dir='ltr'><strong>vexillum</strong></span> 
     </span>
     <span class='ocr_line' id='line_1_15' title="bbox 342 2463 1491 2543; baseline -0.003 -16"><span class='ocrx_word' id='word_1_95' title='bbox 342 2474 492 2529; x_wconf 90' lang='lat' dir='ltr'><strong>nostrum</strong></span> <span class='ocrx_word' id='word_1_96' title='bbox 527 2464 693 2527; x_wconf 85' lang='lat' dir='ltr'><strong>nationale</strong></span> <span class='ocrx_word' id='word_1_97' title='bbox 728 2471 841 2526; x_wconf 89' lang='lat' dir='ltr'><strong>tamen</strong></span> <span class='ocrx_word' id='word_1_98' title='bbox 877 2463 1009 2525; x_wconf 88' lang='lat' dir='ltr'><strong>admitti</strong></span> <span class='ocrx_word' id='word_1_99' title='bbox 1046 2472 1165 2540; x_wconf 89' lang='lat' dir='ltr'><strong>potest,</strong></span> <span class='ocrx_word' id='word_1_100' title='bbox 1204 2472 1366 2543; x_wconf 90' lang='lat' dir='ltr'><strong>quatenus</strong></span> <span class='ocrx_word' id='word_1_101' title='bbox 1402 2465 1491 2528; x_wconf 63' lang='lat' dir='ltr'><strong>absit,</strong></span> 
     </span>
     <span class='ocr_line' id='line_1_16' title="bbox 343 2579 1490 2660; baseline 0.001 -15"><span class='ocrx_word' id='word_1_102' title='bbox 343 2581 476 2645; x_wconf 90' lang='lat' dir='ltr'><strong>omnino</strong></span> <span class='ocrx_word' id='word_1_103' title='bbox 507 2580 643 2660; x_wconf 82' lang='lat' dir='ltr'><strong>quilibet</strong></span> <span class='ocrx_word' id='word_1_104' title='bbox 673 2579 836 2642; x_wconf 88' lang='lat' dir='ltr'><strong>Ecclesiae</strong></span> <span class='ocrx_word' id='word_1_105' title='bbox 865 2580 919 2642; x_wconf 84' lang='lat' dir='ltr'><strong>vel</strong></span> <span class='ocrx_word' id='word_1_106' title='bbox 949 2598 1058 2642; x_wconf 91' lang='lat' dir='ltr'><strong>sacrae</strong></span> <span class='ocrx_word' id='word_1_107' title='bbox 1088 2579 1238 2658; x_wconf 88' lang='lat' dir='ltr'><strong>liturgiae</strong></span> <span class='ocrx_word' id='word_1_108' title='bbox 1268 2589 1490 2658; x_wconf 65' lang='lat' dir='ltr'><strong>contemptus,</strong></span> 
     </span>
    </p>
   </div>
   <div class='ocr_carea' id='block_1_5' title="bbox 347 2694 787 2774">
    <p class='ocr_par' dir='ltr' id='par_1_6' title="bbox 347 2694 787 2774">
     <span class='ocr_line' id='line_1_17' title="bbox 347 2694 787 2774; baseline -0.002 -14"><span class='ocrx_word' id='word_1_109' title='bbox 347 2696 392 2774; x_wconf 80' lang='lat' dir='ltr'><strong>(S.</strong></span> <span class='ocrx_word' id='word_1_110' title='bbox 411 2697 475 2760; x_wconf 84' lang='lat' dir='ltr'><strong>Off.</strong></span> <span class='ocrx_word' id='word_1_111' title='bbox 494 2699 536 2758; x_wconf 85' lang='lat'><strong>22</strong></span> <span class='ocrx_word' id='word_1_112' title='bbox 551 2705 660 2773; x_wconf 85' lang='lat' dir='ltr'><strong>mart,</strong></span> <span class='ocrx_word' id='word_1_113' title='bbox 682 2694 787 2772; x_wconf 85' lang='lat'>1911.)</span> 
     </span>
    </p>
   </div>
   <div class='ocr_carea' id='block_1_6' title="bbox 753 2945 1077 3016">
    <p class='ocr_par' dir='ltr' id='par_1_7' title="bbox 753 2945 1077 3016">
     <span class='ocr_line' id='line_1_18' title="bbox 753 2945 1077 3016; baseline 0.006 -2"><span class='ocrx_word' id='word_1_114' title='bbox 753 2945 959 3015; x_wconf 82' lang='lat' dir='ltr'>TITULUS</span> <span class='ocrx_word' id='word_1_115' title='bbox 987 2946 1077 3016; x_wconf 87' lang='lat' dir='ltr'><strong>xll.</strong></span> 
     </span>
    </p>
   </div>
   <div class='ocr_carea' id='block_1_7' title="bbox 564 3100 1265 3181">
    <p class='ocr_par' dir='ltr' id='par_1_8' title="bbox 564 3100 1265 3181">
     <span class='ocr_line' id='line_1_19' title="bbox 564 3100 1265 3181; baseline -0.001 -8"><span class='ocrx_word' id='word_1_116' title='bbox 564 3103 626 3174; x_wconf 90' lang='lat' dir='ltr'><strong>De</strong></span> <span class='ocrx_word' id='word_1_117' title='bbox 651 3103 928 3173; x_wconf 80' lang='lat' dir='ltr'><strong>Coemeterlls</strong></span> <span class='ocrx_word' id='word_1_118' title='bbox 952 3111 993 3172; x_wconf 83' lang='lat' dir='ltr'><strong>et</strong></span> <span class='ocrx_word' id='word_1_119' title='bbox 1016 3100 1265 3181; x_wconf 71' lang='lat' dir='ltr'><strong>Sepultus-1³.</strong></span> 
     </span>
    </p>
   </div>
   <div class='ocr_carea' id='block_1_8' title="bbox 340 3255 1490 4410">
    <p class='ocr_par' dir='ltr' id='par_1_9' title="bbox 340 3255 1490 4034">
     <span class='ocr_line' id='line_1_20' title="bbox 386 3255 1488 3335; baseline 0.001 -15"><span class='ocrx_word' id='word_1_120' title='bbox 386 3259 454 3321; x_wconf 88' lang='lat'>108.</span> <span class='ocrx_word' id='word_1_121' title='bbox 498 3257 593 3334; x_wconf 83' lang='lat' dir='ltr'><strong>Quod</strong></span> <span class='ocrx_word' id='word_1_122' title='bbox 618 3255 835 3335; x_wconf 86' lang='lat' dir='ltr'><strong>antiquissimi</strong></span> <span class='ocrx_word' id='word_1_123' title='bbox 860 3265 909 3320; x_wconf 89' lang='lat' dir='ltr'><strong>est</strong></span> <span class='ocrx_word' id='word_1_124' title='bbox 934 3256 1088 3330; x_wconf 88' lang='lat' dir='ltr'><strong>instituti,</strong></span> <span class='ocrx_word' id='word_1_125' title='bbox 1115 3256 1205 3330; x_wconf 91' lang='lat' dir='ltr'><strong>illud,</strong></span> <span class='ocrx_word' id='word_1_126' title='bbox 1232 3265 1394 3335; x_wconf 90' lang='lat' dir='ltr'><strong>quantum</strong></span> <span class='ocrx_word' id='word_1_127' title='bbox 1418 3256 1488 3321; x_wconf 81' lang='lat' dir='ltr'><strong>fieri</strong></span> 
     </span>
     <span class='ocr_line' id='line_1_21' title="bbox 342 3372 1490 3453; baseline 0 -16"><span class='ocrx_word' id='word_1_128' title='bbox 342 3372 472 3453; x_wconf 89' lang='lat' dir='ltr'><strong>poterit,</strong></span> <span class='ocrx_word' id='word_1_129' title='bbox 495 3373 684 3447; x_wconf 86' lang='lat' dir='ltr'><strong>retineatur,</strong></span> <span class='ocrx_word' id='word_1_130' title='bbox 705 3381 745 3436; x_wconf 93' lang='lat' dir='ltr'><strong>ut</strong></span> <span class='ocrx_word' id='word_1_131' title='bbox 767 3373 881 3447; x_wconf 86' lang='lat' dir='ltr'><strong>Missa,</strong></span> <span class='ocrx_word' id='word_1_132' title='bbox 904 3381 1074 3452; x_wconf 86' lang='lat' dir='ltr'><strong>praesente</strong></span> <span class='ocrx_word' id='word_1_133' title='bbox 1095 3392 1227 3451; x_wconf 89' lang='lat' dir='ltr'><strong>corpore</strong></span> <span class='ocrx_word' id='word_1_134' title='bbox 1248 3373 1404 3447; x_wconf 86' lang='lat' dir='ltr'><strong>defuncti,</strong></span> <span class='ocrx_word' id='word_1_135' title='bbox 1428 3393 1490 3452; x_wconf 90' lang='lat' dir='ltr'><strong>pro</strong></span> 
     </span>
     <span class='ocr_line' id='line_1_22' title="bbox 342 3489 1488 3569; baseline -0.001 -14"><span class='ocrx_word' id='word_1_136' title='bbox 342 3512 380 3555; x_wconf 90' lang='lat' dir='ltr'><strong>eo</strong></span> <span class='ocrx_word' id='word_1_137' title='bbox 403 3491 591 3564; x_wconf 89' lang='lat' dir='ltr'><strong>celebretur,</strong></span> <span class='ocrx_word' id='word_1_138' title='bbox 614 3497 793 3569; x_wconf 88' lang='lat' dir='ltr'><strong>antequam</strong></span> <span class='ocrx_word' id='word_1_139' title='bbox 816 3490 1000 3568; x_wconf 89' lang='lat' dir='ltr'><strong>sepulturae</strong></span> <span class='ocrx_word' id='word_1_140' title='bbox 1022 3490 1182 3553; x_wconf 87' lang='lat' dir='ltr'><strong>tradatur.</strong></span> <span class='ocrx_word' id='word_1_141' title='bbox 1228 3489 1386 3552; x_wconf 87' lang='lat' dir='ltr'><strong>Districte</strong></span> <span class='ocrx_word' id='word_1_142' title='bbox 1413 3511 1488 3568; x_wconf 88' lang='lat' dir='ltr'><strong>pro-</strong></span> 
     </span>
     <span class='ocr_line' id='line_1_23' title="bbox 340 3606 1489 3686; baseline 0.001 -15"><span class='ocrx_word' id='word_1_143' title='bbox 340 3608 490 3671; x_wconf 91' lang='lat' dir='ltr'><strong>hibemus</strong></span> <span class='ocrx_word' id='word_1_144' title='bbox 511 3627 553 3669; x_wconf 91' lang='lat' dir='ltr'><strong>ne</strong></span> <span class='ocrx_word' id='word_1_145' title='bbox 576 3607 649 3686; x_wconf 91' lang='lat' dir='ltr'><strong>quis</strong></span> <span class='ocrx_word' id='word_1_146' title='bbox 671 3606 857 3684; x_wconf 83' lang='lat' dir='ltr'><strong>sepulturae</strong></span> <span class='ocrx_word' id='word_1_147' title='bbox 872 3607 926 3669; x_wconf 91' lang='lat' dir='ltr'><strong>vel</strong></span> <span class='ocrx_word' id='word_1_148' title='bbox 948 3606 1173 3686; x_wconf 85' lang='lat' dir='ltr'><strong>exsequiarum</strong></span> <span class='ocrx_word' id='word_1_149' title='bbox 1196 3625 1253 3668; x_wconf 89' lang='lat' dir='ltr'><strong>seu</strong></span> <span class='ocrx_word' id='word_1_150' title='bbox 1275 3606 1489 3672; x_wconf 83' lang='lat' dir='ltr'><strong>anniversarii</strong></span> 
     </span>
     <span class='ocr_line' id='line_1_24' title="bbox 340 3722 1486 3802; baseline -0.001 -15"><span class='ocrx_word' id='word_1_151' title='bbox 340 3732 546 3787; x_wconf 85' lang='lat' dir='ltr'><strong>mortuorum</strong></span> <span class='ocrx_word' id='word_1_152' title='bbox 572 3743 679 3797; x_wconf 88' lang='lat' dir='ltr'><strong>causa,</strong></span> <span class='ocrx_word' id='word_1_153' title='bbox 707 3722 887 3802; x_wconf 87' lang='lat' dir='ltr'><strong>quidquam</strong></span> <span class='ocrx_word' id='word_1_154' title='bbox 913 3723 1020 3800; x_wconf 89' lang='lat' dir='ltr'><strong>exigat</strong></span> <span class='ocrx_word' id='word_1_155' title='bbox 1045 3723 1133 3786; x_wconf 91' lang='lat' dir='ltr'><strong>ultra</strong></span> <span class='ocrx_word' id='word_1_156' title='bbox 1158 3731 1348 3786; x_wconf 87' lang='lat' dir='ltr'><strong>consuetam</strong></span> <span class='ocrx_word' id='word_1_157' title='bbox 1372 3731 1486 3786; x_wconf 87' lang='lat' dir='ltr'><strong>taxam</strong></span> 
     </span>
     <span class='ocr_line' id='line_1_25' title="bbox 341 3839 1489 3917; baseline -0.001 -13"><span class='ocrx_word' id='word_1_158' title='bbox 341 3840 575 3904; x_wconf 86' lang='lat' dir='ltr'><strong>dioecesanam</strong></span> <span class='ocrx_word' id='word_1_159' title='bbox 619 3839 781 3917; x_wconf 88' lang='lat' dir='ltr'><strong>Pauperes</strong></span> <span class='ocrx_word' id='word_1_160' title='bbox 797 3839 897 3916; x_wconf 87' lang='lat' dir='ltr'><strong>gratis</strong></span> <span class='ocrx_word' id='word_1_161' title='bbox 916 3839 1049 3903; x_wconf 91' lang='lat' dir='ltr'><strong>omnino</strong></span> <span class='ocrx_word' id='word_1_162' title='bbox 1069 3859 1108 3902; x_wconf 90' lang='lat' dir='ltr'><strong>ac</strong></span> <span class='ocrx_word' id='word_1_163' title='bbox 1128 3839 1280 3902; x_wconf 89' lang='lat' dir='ltr'><strong>decenter</strong></span> <span class='ocrx_word' id='word_1_164' title='bbox 1295 3839 1489 3903; x_wconf 85' lang='lat' dir='ltr'><strong>funerentur</strong></span> 
     </span>
     <span class='ocr_line' id='line_1_26' title="bbox 341 3952 1223 4034; baseline -0.003 -13"><span class='ocrx_word' id='word_1_165' title='bbox 341 3965 375 4021; x_wconf 89' lang='lat' dir='ltr'><strong>et</strong></span> <span class='ocrx_word' id='word_1_166' title='bbox 393 3955 599 4034; x_wconf 90' lang='lat' dir='ltr'><strong>sepeliantur.</strong></span> <span class='ocrx_word' id='word_1_167' title='bbox 646 3954 736 4034; x_wconf 90' lang='lat' dir='ltr'><strong>(Syn.</strong></span> <span class='ocrx_word' id='word_1_168' title='bbox 757 3955 812 4030; x_wconf 91' lang='lat' dir='ltr'><strong>II.,</strong></span> <span class='ocrx_word' id='word_1_169' title='bbox 835 3956 903 4030; x_wconf 87' lang='lat'><strong>170,</strong></span> <span class='ocrx_word' id='word_1_170' title='bbox 925 3956 997 4031; x_wconf 89' lang='grc'>173;</span> <span class='ocrx_word' id='word_1_171' title='bbox 1027 3955 1095 4030; x_wconf 77' lang='grc' dir='ltr'><strong>Ν,</strong></span> <span class='ocrx_word' id='word_1_172' title='bbox 1117 3952 1200 4031; x_wconf 87' lang='lat'><strong>193.)</strong></span> <span class='ocrx_word' id='word_1_173' title='bbox 1221 3970 1223 3976; x_wconf 75' lang='grc'>’</span> 
     </span>
    </p>

    <p class='ocr_par' dir='ltr' id='par_1_10' title="bbox 340 4087 1488 4410">
     <span class='ocr_line' id='line_1_27' title="bbox 384 4087 1485 4166; baseline 0 -14"><span class='ocrx_word' id='word_1_174' title='bbox 384 4091 452 4153; x_wconf 87' lang='grc'>109.</span> <span class='ocrx_word' id='word_1_175' title='bbox 496 4088 670 4166; x_wconf 86' lang='lat' dir='ltr'><strong>Sepultura</strong></span> <span class='ocrx_word' id='word_1_176' title='bbox 688 4087 913 4162; x_wconf 90' lang='lat' dir='ltr'><strong>ecclesiastica,</strong></span> <span class='ocrx_word' id='word_1_177' title='bbox 934 4095 994 4151; x_wconf 89' lang='lat' dir='ltr'><strong>aut</strong></span> <span class='ocrx_word' id='word_1_178' title='bbox 1015 4087 1119 4150; x_wconf 91' lang='lat' dir='ltr'><strong>Missa</strong></span> <span class='ocrx_word' id='word_1_179' title='bbox 1138 4088 1172 4150; x_wconf 92' lang='lat' dir='ltr'><strong>in</strong></span> <span class='ocrx_word' id='word_1_180' title='bbox 1190 4087 1244 4151; x_wconf 93' lang='lat' dir='ltr'><strong>dic</strong></span> <span class='ocrx_word' id='word_1_181' title='bbox 1263 4087 1485 4166; x_wconf 89' lang='lat' dir='ltr'><strong>depositionis,</strong></span> 
     </span>
     <span class='ocr_line' id='line_1_28' title="bbox 340 4203 1487 4284; baseline 0 -16"><span class='ocrx_word' id='word_1_182' title='bbox 340 4214 399 4269; x_wconf 89' lang='lat' dir='ltr'><strong>aut</strong></span> <span class='ocrx_word' id='word_1_183' title='bbox 425 4205 526 4268; x_wconf 83' lang='lat' dir='ltr'><strong>etiam</strong></span> <span class='ocrx_word' id='word_1_184' title='bbox 553 4205 657 4267; x_wconf 89' lang='lat' dir='ltr'><strong>Missa</strong></span> <span class='ocrx_word' id='word_1_185' title='bbox 683 4205 873 4284; x_wconf 88' lang='lat' dir='ltr'><strong>exsequialis</strong></span> <span class='ocrx_word' id='word_1_186' title='bbox 899 4205 1098 4282; x_wconf 89' lang='lat' dir='ltr'><strong>posthabita,</strong></span> <span class='ocrx_word' id='word_1_187' title='bbox 1118 4205 1216 4267; x_wconf 91' lang='lat' dir='ltr'><strong>salvis</strong></span> <span class='ocrx_word' id='word_1_188' title='bbox 1242 4203 1487 4283; x_wconf 86' lang='lat' dir='ltr'><strong>exceptionibus</strong></span> 
     </span>
     <span class='ocr_line' id='line_1_29' title="bbox 341 4320 1488 4410; baseline 0.001 -26"><span class='ocrx_word' id='word_1_189' title='bbox 341 4320 414 4399; x_wconf 87' lang='lat' dir='ltr'><strong>jure</strong></span> <span class='ocrx_word' id='word_1_190' title='bbox 437 4321 605 4395; x_wconf 86' lang='lat' dir='ltr'><strong>concessis,</strong></span> <span class='ocrx_word' id='word_1_191' title='bbox 630 4340 650 4383; x_wconf 93' lang='lat' dir='ltr'><strong>a</strong></span> <span class='ocrx_word' id='word_1_192' title='bbox 672 4320 818 4385; x_wconf 77' lang='lat' dir='ltr'><strong>defuncti</strong></span> <span class='ocrx_word' id='word_1_193' title='bbox 842 4321 983 4410; x_wconf 83' lang='lat' dir='ltr'><strong>parocho</strong></span> <span class='ocrx_word' id='word_1_194' title='bbox 1006 4321 1189 4399; x_wconf 87' lang='lat' dir='ltr'><strong>peragenda</strong></span> <span class='ocrx_word' id='word_1_195' title='bbox 1212 4329 1271 4395; x_wconf 91' lang='lat' dir='ltr'><strong>est,</strong></span> <span class='ocrx_word' id='word_1_196' title='bbox 1296 4329 1330 4384; x_wconf 91' lang='lat' dir='ltr'><strong>et</strong></span> <span class='ocrx_word' id='word_1_197' title='bbox 1353 4340 1373 4384; x_wconf 88' lang='lat' dir='ltr'><strong>a</strong></span> <span class='ocrx_word' id='word_1_198' title='bbox 1395 4320 1488 4385; x_wconf 89' lang='lat' dir='ltr'><strong>nullo</strong></span> 
     </span>
    </p>
   </div>
   <div class='ocr_carea' id='block_1_9' title="bbox 0 0 1774 5190">
    <p class='ocr_par' dir='ltr' id='par_1_11' title="bbox 0 0 1774 5190">
     <span class='ocr_line' id='line_1_30' title="bbox 0 0 1774 5190; baseline 0 2"><span class='ocrx_word' id='word_1_199' title='bbox 0 0 1774 5190; x_wconf 95' lang='lat' dir='ltr'><strong> </strong></span> 
     </span>
    </p>
   </div>
  </div>
 </body>
</html>
