3538 5190
698 607 997 653 cousrrrurronas.
1380 593 1422 656 37

449 788 619 851 sessanum
643 789 685 851 de
710 787 946 852 sollicitationis
971 788 1104 853 crimine
1128 789 1219 868 apud
1243 789 1422 868 superiores

448 905 530 968 falso
543 904 786 968 denuntiaverit
802 904 886 982 (894,
901 904 1010 982 2363).

390 1039 421 1102 3.
448 1037 585 1116 simplici
603 1039 711 1112 modo,
732 1058 826 1101 casus
844 1037 878 1115 a)
899 1039 1135 1116 praesumentis
1154 1039 1331 1115 absolvere,
1352 1040 1422 1103 sine

448 1154 560 1218 debita
576 1154 744 1229 fanrltate,
763 1174 784 1217 a
801 1155 929 1218 casibus
947 1154 1141 1233 supradictis
1157 1155 1265 1218 modis
1281 1156 1423 1220 Sanctae

448 1270 523 1333 Sedi
533 1271 705 1334 reservatis
718 1268 842 1348 (2338);
863 1268 899 1347 b)
911 1291 1031 1334 nomen
1041 1271 1151 1335 dantis
1161 1281 1269 1335 sectae
1276 1275 1422 1335 masson-

448 1386 518 1449 icae
530 1387 642 1450 aliisve
655 1387 801 1464 ejusdem
814 1387 937 1465 generis
950 1386 1219 1452 associationibus
1231 1389 1423 1452 machinan-

448 1502 538 1566 tibus
555 1500 679 1580 (2335);

305 1663 350 1726 ΙΙ.
394 1661 499 1725 Nobis
513 1681 534 1724 a
548 1660 620 1739 jure
634 1661 799 1725 communi
813 1670 1021 1726 reservantur
1036 1683 1143 1726 casus:

391 1793 424 1872 a)
448 1795 622 1874 ingerentis
636 1815 754 1858 manus
767 1795 929 1859 violentas
943 1796 979 1858 in
993 1796 1124 1859 clericos
1142 1794 1266 1874 (2343);
1292 1795 1329 1875 b)
1347 1817 1423 1875 pro·

449 1912 592 1976 curantis
610 1913 774 1986 abortum,
795 1920 902 1975 matre
919 1932 986 1976 non
1004 1921 1150 1991 excepta,
1171 1913 1290 1982 effectu
1309 1922 1423 1977 secuto

452 2026 576 2105 (2350);
602 2026 633 2106 c)
649 2028 791 2091 ineuntis
804 2029 1050 2092 matrimonium
1064 2010 1139 2094 curn
1152 2038 1250 2107 pacto
1263 2038 1302 2093 ut
1316 2031 1424 2108 proles

448 2145 607 2208 educatur
623 2155 715 2208 extra
733 2145 912 2208 Ecclesiam
932 2143 1053 2222 (2319).

286 2304 350 2367 ΙΙΙ.
394 2303 498 2367 Nobis
513 2323 534 2366 a
547 2303 619 2382 jure
634 2303 863 2367 Baltimorensi
877 2311 1085 2367 reservantur
1100 2323 1208 2367 casus:

391 2434 424 2514 a)
455 2456 567 2500 eorum
596 2436 653 2516 qui
681 2444 858 2515 postquam
886 2436 1064 2499 divortium
1093 2437 1187 2500 civile
1215 2436 1418 2501 obtinuerint

447 2553 694 2618 matrimonium
710 2553 780 2616 ausi
796 2553 917 2619 fuerint
933 2562 1098 2617 attentare
1113 2553 1191 2631 (ΙΙΙ.
1204 2553 1304 2617 Cone.
1321 2555 1422 2629 Balt,

451 2668 539 2746 124);
575 2668 612 2746 b)
639 2689 752 2733 eorum
787 2669 844 2749 qui
868 2689 978 2732 coram
1001 2670 1151 2733 ministro
1186 2671 1423 2750 cujuscumque

449 2795 556 2850 sectae
594 2785 794 2851 acatholicae
830 2786 1076 2848 matrimonium
1114 2787 1333 2851 contraxerint
1367 2788 1422 2850 vel

449 2903 686 2967 attentaverint
711 2902 788 2980 (III.
812 2902 913 2966 Cone.
936 2903 1034 2977 Bata,
1060 2904 1132 2979 127;
1156 2903 1239 2968 Can.
1262 2901 1370 2981 2319).

210 3124 213 3129 ,
293 3061 350 3124 IV.
394 3061 530 3125 Nullum
545 3070 711 3139 praeterea
726 3081 837 3124 casum
851 3061 991 3124 Nosmet
1005 3061 1109 3124 Nobis
1123 3081 1334 3125 reservamus.

311 3220 351 3282 V.
395 3219 506 3283 Sciant
517 3239 596 3283 vero
609 3219 794 3282 confessarii
806 3239 840 3282 se
852 3240 959 3282 carere
970 3218 1206 3298 jurisdictione:

392 3351 425 3430 a)
449 3353 483 3415 in
499 3353 667 3431 proprium
684 3352 874 3431 complicem
890 3353 925 3415 in
941 3362 1076 3431 peccato
1092 3354 1182 3432 turpi
1201 3352 1288 3431 (884;
1306 3354 1419 3432 2367);

449 3466 485 3545 b)
505 3469 540 3531 in
556 3469 685 3532 fidelem
702 3469 759 3548 qui
776 3469 914 3532 scienter
930 3469 1074 3533 omiserit
1091 3490 1167 3532 eum
1184 3490 1205 3532 a
1222 3490 1288 3550 quo
1306 3471 1422 3534 sollici·

450 3593 541 3649 tatus
567 3585 665 3648 fuerit
682 3586 770 3648 intra
788 3605 934 3648 mensem
954 3586 1155 3660 denuntiare,
1174 3586 1237 3649 nisi
1255 3587 1372 3651 saltem
1389 3608 1425 3651 se

450 3701 640 3781 obligationi
653 3701 898 3765 satisfacturum
911 3702 992 3765 serio
1006 3703 1188 3780 promiserit
1205 3701 1290 3782 (904,
1304 3702 1411 3781 2368).

318 3886 369 3949 74.
413 3884 688 3964 Quotiescumque
706 3883 747 3947 de
765 3883 893 3946 casibus
911 3872 1083 3947 reservatis
1101 3885 1218 3963 agitur,
1239 3884 1297 3964 qui
1315 3885 1350 3947 in
1368 3905 1424 3949 eos

278 4000 450 4064 inciderint
471 4002 515 4064 ad
537 4002 606 4066 Nos
628 4000 817 4064 absolvendi
843 4020 910 4063 non
929 4001 1120 4077 mittantur;
1153 4001 1210 4064 sed
1235 4001 1424 4066 confessarii

276 4117 468 4181 facultatem
489 4137 543 4181 eos
563 4115 762 4191 absolvendi,
784 4137 844 4195 pro
863 4126 983 4180 natura
1003 4137 1165 4192 censurae,
1187 4118 1240 4180 vel
1260 4138 1281 4180 a
1301 4118 1425 4182 Sancta

277 4234 359 4297 Sede
376 4234 429 4297 vel
447 4254 468 4296 a
487 4234 591 4298 Nobis
609 4241 725 4311 petant
744 4242 921 4312 postquam
938 4233 984 4296 rei
1003 4253 1037 4296 se
1054 4233 1116 4296 hac
1134 4233 1337 4312 indulgentia
1355 4235 1424 4312 jam

276 4349 390 4428 dignos
423 4350 635 4414 ostenderint.
679 4351 720 4412 In
752 4349 880 4413 casibus
912 4369 991 4413 vero
1022 4349 1272 4428 urgentioribus,
1307 4371 1426 4431 nempe
