3538 5190
734 549 1033 596 cousrrruuouas.
1127 581 1130 591 .
1417 533 1457 597 65

309 749 442 804 annum,
465 729 586 792 cedunt
612 728 754 809 parocho
775 729 831 808 qui
851 737 964 792 tamen
985 750 1023 793 ex
1044 730 1099 805 eiS,
1122 738 1220 808 prout
1241 750 1324 809 opus
1345 731 1397 805 sit,
1420 731 1455 794 in

309 846 506 910 conscientia
524 846 690 909 tenebitur
707 846 824 909 domus
842 846 1072 924 presbyteralis
1089 866 1255 926 expensas,
1275 847 1376 910 etiam
1395 867 1455 926 pro

308 965 388 1038 luce,
408 983 494 1043 aqua
517 971 551 1025 et
574 963 657 1041 ignis
680 961 853 1036 alimentis
871 962 964 1037 ferre,
982 971 1016 1026 et
1032 963 1164 1028 vicariis
1188 963 1254 1026 suis
1278 983 1454 1042 congruam

308 1088 479 1158 suppetere
504 1079 786 1143 sustentationem.
843 1077 935 1158 (Syn.
961 1081 1018 1156 II.,
1044 1082 1118 1157 209;
1148 1081 1198 1154 V.,
1226 1079 1311 1157 150.)

352 1223 420 1286 183.
464 1220 567 1282 Enixe
583 1240 661 1282 vero
679 1220 887 1298 prohibemus
904 1241 946 1284 ne
963 1221 1027 1284 alio
1045 1221 1162 1301 quovis
1179 1229 1327 1300 tempore
1350 1241 1454 1286 sacer-

308 1338 402 1400 dotes
426 1337 525 1414 hujus
546 1335 728 1400 dioeceseos
751 1336 923 1414 pecuniam
941 1338 1010 1401 ullo
1029 1338 1128 1401 modo
1149 1337 1192 1401 ad
1212 1357 1306 1401 suam
1327 1345 1454 1401 susten·

307 1454 468 1518 tationem
495 1453 657 1530 colligant,
686 1452 749 1515 nisi
775 1452 941 1516 licentiam
968 1453 1126 1517 Nostram
1153 1453 1242 1532 prius
1269 1473 1454 1532 expressam

306 1569 495 1646 habuerint;
527 1569 642 1632 necin
661 1577 829 1646 posterum
849 1569 1043 1634 tolerabitur
1063 1570 1152 1649 quod
1172 1569 1357 1635 sacerdotes
1383 1570 1454 1650 qui·

307 1707 456 1766 cumque,
478 1685 646 1749 occasione
668 1685 891 1748 translationis
913 1706 991 1749 suae
1014 1685 1057 1749 ab
1077 1706 1145 1750 una
1166 1686 1202 1749 in
1224 1686 1323 1749 aliam
1340 1707 1453 1766 paroe-

307 1803 393 1868 ciam
409 1803 464 1868 vel
485 1802 694 1877 vicariam,
713 1801 867 1880 pecunias
885 1782 911 1864 ‘a
933 1802 1083 1865 fidelibus
1100 1803 1252 1866 collectas
1275 1802 1452 1880 accipiant;

307 1918 523 1984 conscientiae
540 1919 756 1998 parochorum
773 1917 984 1998 omniumque
1004 1938 1145 1998 quorum
1162 1919 1297 1982 interest
1315 1938 1454 1997 gravan-

305 2044 361 2100 tur
385 2056 428 2099 ne
452 2035 553 2098 talem
578 2035 757 2108 collectam,
785 2034 891 2098 Nobis
916 2035 1116 2110 inconsultis,
1144 2034 1262 2098 dehinc
1286 2035 1356 2098 fieri
1380 2055 1453 2113 per-

305 2153 454 2216 mittant.
500 2148 591 2230 (Syn.
611 2151 662 2225 V.,
684 2148 769 2227 151.)

349 2295 418 2358 184.
462 2294 509 2357 Ut
532 2293 713 2356 forensibus
735 2292 847 2356 litibus
870 2301 903 2356 et
926 2293 1054 2371 judiciis
1077 2294 1187 2356 aditus
1210 2293 1450 2372 praecludatur,

304 2411 475 2474 hortamur
493 2411 707 2489 presbyteros
728 2409 794 2472 imo
811 2429 889 2472 vero
907 2410 952 2472 eis
970 2409 1005 2472 in
1023 2410 1166 2472 Domino
1184 2410 1394 2488 injungimus,
1412 2417 1453 2474 ut

305 2528 346 2591 de
368 2527 463 2590 bonis
486 2527 560 2600 suis,
586 2526 613 2588 si
635 2546 701 2605 qua
723 2525 801 2604 ipsis
823 2525 953 2600 luerint,
978 2534 1215 2589 testamentum
1237 2527 1281 2590 ad
1303 2546 1452 2589 normam

305 2645 413 2722 legum
431 2642 627 2720 tempestive
645 2640 864 2704 conscribant:
894 2661 936 2704 ne
953 2641 1039 2704 forte
1057 2662 1096 2705 ea
1115 2663 1209 2721 quae,
1230 2642 1308 2720 ipsis
1326 2642 1453 2705 demor-

305 2761 380 2834 tuis,
398 2779 578 2838 pauperum
593 2766 652 2821 aut
668 2757 831 2821 Ecclesiae
843 2757 917 2820 usui
933 2758 1115 2821 addicenda
1129 2758 1246 2834 forent,
1262 2759 1450 2834 haeredum,

305 2878 374 2939 sive
389 2876 519 2954 probati
534 2875 556 2937 ii
572 2875 638 2938 sint
653 2875 722 2937 sive
736 2875 949 2954 praesumpti,
967 2875 1148 2952 cupiditate
1163 2875 1366 2954 diripiantur.
1411 2876 1452 2939 In

304 2994 367 3056 hoc
382 2992 523 3054 maxime
538 2991 722 3069 optandum
738 2999 788 3052 est
803 2999 843 3054 ut
858 3011 944 3053 unus
961 2991 1078 3054 saltem
1094 2991 1253 3064 sacerdos,
1272 2991 1396 3069 pietate
1413 3010 1452 3054 ac

306 3108 479 3186 prudentia
490 3106 765 3180 commendabilis,
778 3107 828 3170 uti
839 3116 1006 3170 exsecutor
1017 3107 1208 3170 testamenti
1220 3107 1449 3170 constituatur.

308 3223 398 3303 (syn.
419 3225 476 3298 11,
497 3223 569 3299 187;
600 3224 667 3298 1v,
687 3225 761 3298 220;
791 3222 873 3286 can.
895 3223 1000 3301 1301.)

506 3437 560 3499 Da
576 3437 765 3501 Comacms
781 3439 951 3501 Pxoaams
967 3456 1009 3500 ar
1025 3438 1241 3501 Puofflmrrs.

349 3589 417 3651 185.
461 3587 644 3650 Statuirnus
668 3596 717 3661 ut,
744 3588 847 3651 donec
872 3587 966 3650 aliter
991 3587 1212 3665 provideatur,
1239 3587 1274 3648 in
1298 3587 1451 3650 omnibus

304 3704 403 3782 hujus
423 3702 604 3766 dioeceseos
624 3704 773 3777 ecclesiis,
796 3703 864 3766 sive
888 3704 1101 3766 saecularium
1124 3703 1193 3766 sive
1216 3703 1449 3781 religiosorum,

304 3828 447 3900 quatuor
458 3818 541 3882 fiant
554 3819 687 3898 singulis
699 3820 793 3882 annis
806 3820 973 3883 collectae:
996 3839 1064 3888 una
1075 3819 1230 3882 nimirum
1243 3840 1303 3897 pro
1316 3820 1451 3883 Summo

305 3936 476 4012 Pontifice;
518 3936 661 3999 secunda
691 3956 749 4014 pro
779 3935 987 3999 institutione
1017 3935 1219 4012 clericorum;
1261 3936 1360 3999 tertia
1391 3956 1451 4014 pro

229 4093 231 4098 -
305 4053 396 4117 Indis
425 4061 459 4116 et
485 4052 635 4130 Nigritis;
672 4061 791 4132 quarta
821 4072 880 4130 pro
909 4052 1069 4115 institutis
1094 4060 1128 4115 et
1158 4053 1263 4116 causis
1293 4053 1449 4116 caritatis.

305 4170 397 4248 Quae
430 4168 562 4249 quidem
594 4170 637 4232 ab
670 4168 822 4232 omnibus
854 4169 1061 4231 ecclesiarum
1094 4168 1243 4246 parochis
1277 4168 1450 4236 Dominica

305 4286 511 4350 antecedenti
533 4295 684 4349 accurate
706 4287 827 4365 populo
848 4305 867 4348 e
889 4293 1042 4363 suggestu
1063 4285 1391 4364 praenuntiabuntur,
1416 4292 1450 4349 et
