3538 5190
322 553 363 616 28
630 570 674 614 oa
698 569 924 620 sacmuauro
946 569 1115 639 enerrsur.

322 750 471 825 invaluit,
492 759 532 813 ut
551 750 771 814 caeremoniae
790 749 1009 828 praescriptae
1028 769 1088 827 pro
1105 748 1272 828 baptismo
1291 747 1469 810 infantium

321 867 357 931 in
374 867 539 946 baptismo
557 866 746 930 adultorum
764 865 991 930 adhibeantur.
1038 862 1135 942 (Can.
1156 866 1226 940 752,
1248 865 1318 939 753,
1340 863 1425 941 755.)

363 1049 414 1113 39.
458 1048 542 1126 Quia
555 1048 721 1112 exhorruit
734 1048 878 1112 Ecclesia
891 1067 1018 1125 semper
1030 1067 1170 1110 errorem
1182 1046 1467 1125 rebaptizantium,

322 1164 506 1243 baptismus
521 1165 556 1227 in
570 1165 694 1228 haeresi
711 1173 889 1243 susceptus,
907 1172 966 1227 aut
982 1163 1138 1242 privatim
1156 1163 1317 1227 catholico
1336 1163 1372 1225 in
1392 1183 1470 1226 casu

322 1281 525 1344 necessitatis
549 1301 570 1343 a
594 1281 700 1344 laicali
725 1301 863 1359 persona
888 1280 1035 1354 collatus,
1061 1299 1129 1342 non
1153 1287 1276 1343 temere
1301 1287 1471 1342 censeatur

322 1398 442 1461 dubius
459 1406 519 1460 aut
532 1395 712 1475 invalidus;
738 1397 795 1460 sed
812 1397 901 1476 prius
918 1397 1112 1460 instituatur
1124 1396 1259 1474 diligens
1276 1415 1421 1470 examen,
1436 1403 1470 1459 et

323 1513 449 1588 deinde,
471 1514 498 1576 si
517 1514 655 1577 dubium
673 1514 821 1592 supersit,
843 1513 1028 1592 baptismus
1047 1512 1160 1576 debito
1178 1513 1287 1587 modo,
1308 1513 1369 1576 sub
1395 1532 1471 1575 con-

323 1631 448 1694 ditione
461 1631 625 1704 nimirum,
641 1631 786 1695 iteretur.
833 1627 924 1709 (Syn.
943 1630 1000 1705 ΙΙ,
1021 1627 1086 1707 64.)

364 1813 415 1876 40.
459 1812 608 1890 Singulos
629 1813 786 1892 parochos
807 1811 1004 1875 mandamus
1026 1819 1065 1874 ut
1089 1811 1215 1875 iontem
1240 1811 1471 1889 baptismalem

323 1929 359 1992 in
384 1928 516 1992 ecclesia
542 1929 722 2007 paroeciali,
751 1937 842 1992 extra
868 1948 969 2009 quarn
994 1927 1174 1991 secrmdum
1198 1928 1284 2006 leges
1309 1927 1471 1991 ordinarie

323 2045 450 2108 licitum
465 2065 533 2108 non
547 2053 597 2108 est
613 2045 799 2109 solemniter
813 2045 990 2125 baptizare,
1007 2043 1212 2123 provideant.
1248 2041 1343 2121 (Can.
1362 2043 1447 2121 773.)

365 2233 417 2294 41.
461 2232 708 2296 Sacramentum
725 2230 839 2294 hocin
855 2231 991 2294 aedibus
1012 2230 1150 2309 privatis
1167 2250 1209 2294 ne
1225 2229 1471 2294 administretur

323 2347 386 2410 nisi
408 2347 443 2410 in
464 2348 579 2411 mortis
601 2348 743 2426 periculo
765 2347 887 2410 versari
909 2347 1062 2411 videatur
1083 2346 1314 2425 baptizandus;
1349 2366 1415 2425 quo
1437 2345 1472 2408 in

324 2483 403 2527 casu
419 2464 568 2542 privatus
585 2471 717 2527 tanturn
735 2464 921 2526 conferatur
935 2463 1130 2542 baptismus,
1148 2471 1182 2525 et
1198 2462 1413 2540 restringatur
1428 2460 1470 2524 ad

324 2581 428 2643 solam
453 2601 558 2659 aquae
583 2579 778 2643 infusionem
804 2600 879 2642 curn
904 2579 1096 2643 recitatione
1121 2578 1252 2642 debitae
1276 2579 1410 2653 formae,
1437 2587 1471 2642 et

324 2716 379 2759 eos
414 2696 497 2759 ritus
532 2696 589 2775 qui
624 2696 826 2760 ablutionem
861 2696 1114 2774 subsequuntur.
1160 2696 1287 2770 Postea,
1325 2702 1471 2758 cessante

325 2811 476 2890 periculo,
501 2812 730 2886 caeremoniae,
756 2831 841 2891 quae
863 2811 899 2873 in
922 2812 1088 2890 baptismo
1114 2810 1250 2875 solemni
1276 2811 1471 2874 inlusionem

325 2947 430 3007 aquae
450 2928 640 3006 praecedere
660 2929 790 3002 debent,
812 2928 874 2991 rite
893 2929 929 2990 in
948 2928 1082 2992 ecclesia
1102 2928 1324 3006 suppleantur.
1368 2928 1472 2991 Extra

324 3044 440 3108 mortis
459 3044 637 3123 periculum
656 3064 723 3108 non
742 3045 817 3108 licet
837 3045 982 3108 conferre
1000 3045 1203 3122 baptismum
1222 3044 1390 3122 privatum
1408 3043 1472 3108 nisi

324 3169 442 3239 agatur
461 3161 502 3224 de
520 3161 690 3224 haereticis
710 3161 767 3241 qui
786 3161 822 3224 in
840 3160 955 3224 adulta
974 3169 1084 3224 aetate
1103 3161 1164 3224 sub
1184 3160 1371 3224 conditione
1389 3161 1472 3238 bap·

325 3277 479 3342 tizantur.
526 3275 617 3358 (Syn.
633 3278 683 3354 V.,
699 3280 754 3354 393
779 3277 861 3341 Can.
878 3279 948 3354 759,
964 3276 1049 3354 776.)

367 3461 418 3521 42.
462 3459 503 3521 In
537 3459 699 3523 conversis
734 3457 780 3522 ad
812 3458 911 3524 fidem
945 3458 1140 3537 excipiendis
1175 3468 1323 3522 servetur
1357 3445 1472 3523 norma

326 3595 477 3654 sequens:

370 3711 397 3770 l.
441 3707 475 3770 Si
502 3707 686 3786 baptismus
712 3708 861 3771 absolute
888 3707 1082 3783 conferatur,
1110 3708 1201 3771 nulla
1227 3706 1377 3771 facienda
1410 3708 1471 3773 erit

325 3823 500 3902 abjuratio,
519 3843 579 3887 nec
594 3823 811 3903 impertienda
827 3824 1000 3888 absolutio.

368 3959 397 4018 2.
441 3956 475 4019 Si
501 3956 684 4034 baptismus
703 3957 763 4020 sub
782 3956 969 4021 conditione
986 3957 1130 4032 iteretur,
1150 3957 1212 4020 hoc
1230 3956 1343 4020 ordine
1361 3977 1472 4035 proce-

327 4071 471 4136 dendum
490 4073 566 4136 erit:
596 4071 630 4150 a)
652 4072 825 4151 Abjuratio
845 4093 902 4137 seu
921 4073 1012 4136 Fidei
1032 4073 1201 4149 Proiessio,
1222 4071 1258 4150 b)
1281 4073 1472 4152 Baptismus

328 4188 580 4264 conditionatus,
600 4188 631 4266 c)
652 4188 822 4253 Confessio
839 4189 966 4268 integra
987 4189 1231 4254 sacramentalis
1249 4209 1325 4252 cum
1343 4190 1473 4253 absolu·

328 4305 418 4369 tione
437 4304 670 4368 conditionata.
