3538 5190
731 573 1030 619 consrrrumouns.
1414 557 1455 619 25

306 773 376 832 nec,
407 754 477 816 sive
513 754 612 832 hujus
651 754 831 817 dioeceseos
860 754 929 816 sive
966 774 1042 828 non,
1074 755 1163 831 apud
1203 755 1454 817 associationem

307 871 511 934 catholicam·
525 890 705 933 sermonem
725 870 831 932 iacere
855 871 1074 948 permittatur,
1097 870 1196 933 salvis
1220 871 1353 949 parochi
1375 871 1454 951 jnri·

292 989 380 1062 hus,
399 987 461 1049 nisi
481 995 614 1065 rogatus
634 987 734 1050 fuerit
751 1008 771 1050 a
791 987 980 1065 cappellano
998 986 1171 1049 societatis,

350 1169 399 1231 27.
444 1168 519 1231 Pias
557 1169 746 1231 sodalitates
784 1189 840 1231 seu
875 1169 1159 1232 confraternitates
1194 1169 1262 1247 jam
1300 1170 1454 1248 probatas

308 1293 341 1347 et
373 1306 413 1347 ex
441 1285 716 1364 indulgentiarum
745 1286 898 1347 thesauro
928 1285 1061 1359 ditatas
1082 1293 1198 1363 utpote
1230 1286 1334 1348 nostri
1364 1306 1456 1364 prae·

308 1402 420 1464 sertim
446 1402 564 1464 saeculi
589 1402 684 1464 malis
710 1401 903 1479 corrigendis
929 1401 1124 1480 aptissimas,
1153 1403 1311 1480 parochos
1345 1402 1455 1465 fovere

308 1526 448 1596 oportet.
492 1518 545 1581 Ne
573 1525 686 1580 autem
715 1518 798 1580 istae
826 1517 1102 1595 indulgentiarum
1132 1519 1244 1595 gratiis
1274 1518 1453 1597 priventur,

307 1635 399 1696 enixe
414 1635 595 1697 curandum
610 1642 659 1696 est
674 1642 713 1696 ut
728 1634 762 1695 in
777 1654 888 1696 earum
904 1635 1064 1696 erectione
1078 1642 1111 1697 et
1127 1635 1304 1697 directione
1318 1634 1456 1698 fideliter

308 1759 478 1813 serventur
491 1771 603 1813 omnes
616 1752 659 1814 ab
673 1750 806 1813 ecclesia
819 1750 1037 1829 praescriptae
1050 1751 1261 1825 conditiones,
1276 1752 1361 1814 inter
1374 1771 1456 1831 quas

308 1875 358 1930 est
369 1867 525 1930 canonica
535 1868 578 1930 ab
590 1867 752 1945 Episcopo
763 1868 853 1930 iacta
863 1867 982 1929 erectio
993 1875 1051 1930 aut
1062 1867 1267 1945 approbatio.
1303 1869 1456 1931 Parochis

306 1983 507 2062 injungimus
526 1992 565 2046 ut
586 1984 835 2047 confraternitas
852 1983 994 2061 erigatur
1014 1983 1217 2046 Sanctissimi
1243 1984 1454 2059 Sacramenti,

309 2100 336 2162 si
356 2101 504 2164 nondum
520 2109 628 2163 erecta
645 2101 697 2163 sit.
745 2097 837 2180 (Syn.
858 2100 914 2174 II.‚
933 2101 988 2164 37:
1016 2100 1083 2175 IV.‚
1103 2102 1158 2179 453
1184 2099 1266 2162 Can.
1285 2099 1371 2178 711.)

351 2284 400 2346 28.
445 2282 593 2344 Maximo
635 2302 710 2344 cum
751 2282 861 2344 studio
902 2282 1054 2344 foveatur
1095 2283 1345 2345 confraternitas
1400 2283 1455 2346 SS.

310 2398 461 2461 Nominis
480 2399 559 2476 Jesu
579 2399 622 2461 ad
643 2399 893 2476 extirpationem
913 2398 1149 2476 blasphemiae:
1170 2407 1286 2477 potens
1303 2406 1353 2462 est
1370 2400 1458 2462 enim

308 2515 390 2578 haec
410 2514 489 2578 unio
509 2515 595 2578 inter
615 2522 667 2578 tot
689 2515 845 2590 homines,
869 2515 903 2577 in
924 2514 1073 2578 oratione
1093 2535 1190 2593 saepe
1211 2515 1403 2593 conjunctos
1424 2525 1458 2580 et

309 2631 353 2695 ad
368 2631 503 2694 Sacrum
518 2631 717 2695 Convivium
732 2639 849 2710 quater
863 2632 980 2694 saltem
995 2631 1029 2693 in
1043 2652 1130 2694 anno
1146 2632 1242 2695 simul
1257 2633 1457 2708 accedentes

309 2748 353 2811 ad
378 2747 476 2810 fidem
493 2748 649 2811 consociis
674 2748 901 2825 adaugendam
922 2748 1067 2826 aliosque
1092 2749 1127 2811 in
1152 2769 1191 2811 ea
1208 2748 1457 2812 confirmandos.

313 2863 404 2944 (Syn.
423 2867 475 2940 V.‚
495 2863 560 2942 26.)

737 3100 944 3171 TITULUS
965 3101 1037 3170 111.

568 3263 631 3334 De
652 3265 935 3336 Secu-amentis
958 3275 1001 3335 ln
1024 3265 1207 3336 Gener-e.

353 3429 403 3491 29.
448 3428 557 3505 Quum
586 3436 792 3492 sacrosancta
820 3448 871 3490 res
899 3427 942 3491 sit
972 3436 1222 3503 sacramentum,
1252 3436 1286 3490 et
1325 3428 1461 3505 proinde

312 3552 424 3607 sancte
474 3544 752 3622 pertractandum,
794 3545 946 3608 omnibus
987 3552 1264 3608 sacramentorum
1303 3543 1461 3608 ministris

313 3660 418 3723 Nobis
444 3660 583 3723 subditis
607 3661 804 3723 mandamus
828 3669 867 3723 ut
892 3681 941 3736 ea,
969 3681 1035 3740 qua
1060 3681 1120 3739 par
1144 3669 1194 3724 est
1219 3660 1402 3723 reverentia
1427 3669 1460 3724 et

312 3776 489 3854 diligentia,
516 3776 745 3839 administrent
771 3777 1145 3856 eommquemateriam
1169 3785 1203 3841 et
1229 3776 1461 3855 supellectilem
1580 3805 1583 3812 ·

312 3893 509 3956 custodiant.
556 3891 647 3973 (Syn.
667 3894 725 3968 11„
744 3895 799 3971 40;
826 3893 907 3956 Can.
928 3895 998 3970 731,
1020 3896 1109 3969 1296,
1131 3892 1235 3972 1302.)

354 4076 404 4138 30.
448 4075 489 4137 In
511 4075 600 4137 omni
624 4083 901 4138 sacramentorum
923 4075 1206 4140 administratione
1229 4077 1364 4140 Rituale
1395 4079 1462 4141 Ro-

312 4210 448 4254 manum
465 4211 577 4254 ornnes
594 4191 838 4269 diligentissime
855 4201 1044 4271 sequantur,
1061 4193 1143 4256 nihil
1159 4202 1282 4257 temere
1298 4193 1459 4270 addendo,

312 4307 482 4382 demendo,
504 4308 558 4370 vel
582 4308 799 4384 immutando
821 4328 881 4372 nec
900 4309 1002 4373 ritum
1027 4310 1144 4389 quovis
1164 4319 1337 4389 praetextu
1362 4310 1462 4374 inter·
