3538 5190
278 540 318 603 64
617 556 661 600 aa
684 556 785 601 sonis
808 555 1082 602 seneonaueos

275 739 392 819 aliquis
408 739 580 818 pecuniam
596 739 761 819 propriam
777 739 812 801 in
828 739 979 802 ecclesiae
994 759 1092 802 usum
1108 739 1293 814 contulerit,
1311 739 1346 803 id
1362 738 1424 802 fiat

275 857 435 934 probante
455 855 714 934 Archiepisoopo,
737 863 771 919 et
791 855 826 918 in
845 854 929 918 libro
948 854 1117 918 referatur.
1164 853 1255 934 (Syn.
1278 856 1334 929 II.‚
1350 857 1419 930 183,

279 973 350 1048 184;
377 972 566 1046 Can1300,
585 970 690 1049 1356.)

319 1106 388 1169 179.
432 1104 557 1168 Idcirco
578 1105 613 1167 in
633 1104 723 1168 omni
749 1104 882 1168 ecclesia
907 1105 988 1168 liber
1009 1104 1171 1168 habeatur
1193 1105 1422 1178 oeconomicus,

276 1221 319 1285 ad
335 1220 440 1299 ipsam
456 1221 623 1284 ecclesiam
639 1221 813 1299 pertinens,
831 1221 866 1282 in
882 1241 949 1300 quo
964 1229 1192 1285 recenseantur
1208 1221 1319 1284 omnia
1334 1222 1424 1284 bona

275 1345 349 1401 tum
368 1337 547 1400 immobilia
565 1346 639 1401 tum
657 1337 791 1400 mobilia
810 1338 853 1401 ad
872 1337 1040 1400 ecclesiam
1059 1345 1118 1401 aut
1138 1338 1422 1416 congregationem

276 1453 482 1532 pertinentia.
527 1453 753 1517 Inventarium
775 1453 863 1518 hunc
880 1454 1000 1516 iterum
1022 1453 1169 1528 revisere,
1189 1454 1317 1534 quoties
1341 1453 1423 1516 scili-

277 1578 329 1634 cet
352 1590 435 1648 opus
457 1569 528 1644 erit,
553 1578 654 1649 atque
678 1569 929 1648 Archiepiscopo
954 1578 1101 1648 ternpore
1124 1590 1202 1633 suae
1225 1570 1426 1634 visitationis

276 1686 328 1750 vel
352 1686 452 1749 etiam
470 1686 513 1749 ad
535 1694 655 1750 nutum
672 1686 707 1748 in
724 1686 822 1749 domo
845 1685 1109 1764 archiepiscopali
1133 1687 1283 1750 exhibere
1307 1686 1425 1764 singuli

276 1802 410 1882 parochi
427 1810 590 1866 tenentur.
636 1801 727 1881 (Syn.
748 1803 804 1876 11..
827 1805 899 1878 183;
930 1802 1012 1865 Can.
1035 1800 1140 1879 1522.)

531 2017 585 2079 Da
600 2017 710 2080 Bonrs
725 2015 983 2081 Sacanuonmos
999 2017 1170 2080 Propius.

323 2169 390 2231 180.
435 2166 595 2230 Salarium
613 2167 835 2231 sacerdotibus
853 2167 986 2245 singulis
1003 2187 1119 2231 curam
1135 2166 1320 2230 animarum
1337 2186 1427 2230 exer·

280 2284 430 2349 centibus
448 2283 677 2347 constituimus
695 2292 846 2346 sexcenta
863 2291 993 2346 scutata
1013 2304 1071 2362 per
1087 2303 1220 2346 annum.
1264 2283 1425 2345 Salarium

279 2421 317 2463 ex
334 2399 515 2464 redditibus
532 2399 684 2463 ecclesiae
701 2399 893 2462 solvendum
910 2407 969 2473 est,
985 2400 1120 2462 minime
1136 2420 1214 2462 vero
1231 2399 1424 2476 exigendum

279 2517 322 2580 ab
335 2515 594 2594 Archicpiscopo‚
610 2512 672 2595 qui
681 2515 772 2578 nulla
787 2515 914 2579 ratione
930 2524 1062 2579 tenetur
1079 2516 1150 2594 ejus
1167 2515 1332 2578 deiectum
1349 2534 1428 2593 sup-

279 2633 376 2711 plere,
394 2632 421 2695 si
439 2652 505 2711 qua
525 2632 566 2695 de
588 2651 686 2695 causa
703 2632 756 2694 vel
775 2632 902 2694 nullum
918 2633 971 2695 vel
993 2632 1105 2696 debito
1123 2631 1233 2695 minus
1253 2640 1425 2710 acceptum

279 2749 387 2811 fueri.
440 2746 714 2827 (syn.1V.‚246;
740 2748 791 2822 V.‚
813 2747 897 2825 148.)

322 2883 391 2946 181.
434 2882 592 2945 Volumus
623 2889 662 2943 ut
694 2881 785 2944 nullo
815 2901 963 2960 unquam
995 2882 1030 2943 in
1062 2901 1139 2944 casu
1172 2881 1325 2944 salarium
1356 2881 1428 2944 sive

279 2997 412 3078 parochi
439 2997 507 3060 sive
529 2997 725 3060 vicariorum
747 2997 788 3059 de
811 3017 897 3061 anno
921 2998 955 3060 in
978 3018 1101 3060 annum
1125 2998 1250 3061 sinatur
1273 3017 1424 3060 accumu-

278 3114 338 3177 lari
365 3122 466 3192 atque
492 3113 577 3176 inter
603 3113 715 3176 debita
742 3113 894 3176 ecclesiae
919 3114 1085 3178 recenseri.
1130 3113 1262 3192 Singulo
1289 3112 1428 3192 proinde

279 3251 366 3294 anno
387 3229 578 3308 accipiatur;
611 3229 756 3309 alioquin
776 3229 799 3291 ii
820 3230 877 3309 qui
897 3230 1069 3308 pecrmiam
1090 3230 1152 3293 sibi
1172 3229 1320 3292 debitam
1339 3229 1428 3292 inira

279 3366 403 3410 annum
422 3367 443 3409 a
461 3346 602 3409 termino
621 3366 687 3424 quo
707 3345 863 3408 solvenda
881 3354 961 3421 erat,
983 3346 1147 3425 percipere
1165 3345 1342 3420 omiserint,
1364 3353 1427 3409 aut

279 3464 396 3526 saltem
415 3482 482 3525 non
501 3462 656 3540 exigerint
677 3463 919 3540 perscriptum,
938 3483 977 3526 eo
998 3462 1068 3540 ipso
1090 3470 1343 3542 praesumuntur
1360 3461 1426 3540 juri

279 3599 338 3642 suo
351 3579 553 3642 renuntiasse
566 3585 599 3640 et
613 3578 750 3656 pecunia
763 3578 824 3640 sibi
837 3578 949 3641 debita
962 3578 1129 3642 ecclesiam
1142 3579 1288 3642 donasse.
1332 3577 1422 3657 (Syn.

281 3696 348 3770 IV.,
365 3693 450 3772 245.)

322 3830 390 3891 182.
435 3829 572 3906 Propter
602 3827 778 3906 peculiares
808 3827 1010 3891 conditiones
1040 3828 1130 3906 apud
1159 3847 1219 3891 nos
1249 3828 1429 3891 existentes

279 3952 312 4008 et
331 3944 434 4007 donec
453 3943 547 4007 aliter
566 3943 742 4006 statuimus
761 3944 926 4021 pecuniae,
947 3944 1115 4008 occasione
1133 3943 1428 4008 administrationis

278 4067 555 4127 sacramentorum
586 4059 742 4138 baptismi
778 4068 811 4123 et
845 4060 1048 4123 matrimonii
1084 4080 1290 4140 quocumque
1325 4061 1429 4125 titulo

278 4185 459 4255 perceptae,
479 4196 606 4239 necnon
624 4183 658 4238 et
677 4196 759 4254 quas
782 4176 892 4239 fideles
911 4177 1015 4240 solent
1034 4177 1149 4240 offerre
1165 4185 1239 4240 tum
1257 4177 1292 4240 in
1310 4177 1426 4240 diebus

280 4292 476 4356 Nativitatis
510 4291 743 4370 Paschatisque
772 4300 845 4355 tum
874 4292 935 4356 sub
963 4293 1130 4357 offertorio
1159 4293 1194 4355 in
1223 4293 1335 4356 Missis
1367 4313 1429 4371 per
