3538 5190
723 565 1023 611 consrrrurronas.
1407 553 1449 616 53

300 746 510 809 Sacramento
549 746 745 824 impertitur,
786 755 965 826 antequam
1005 747 1124 811 Hostia
1163 747 1198 810 in
1235 748 1449 814 tabernaculo

298 864 476 942 reponitur,
505 863 653 927 sacerdos
689 862 850 937 recitabit,
880 883 955 926 cum
981 862 1131 928 fidelibus
1158 883 1214 928 eas
1240 864 1447 942 iterantibus,

300 981 414 1044 Preces
427 980 564 1043 Laudis:
589 979 660 1043 “Sit
675 980 765 1042 Deus
779 979 985 1055 Benedictus,
1000 981 1085 1043 etc.'’
1133 979 1223 1060 (syn.
1239 982 1291 1062 V.,
1313 980 1396 1059 111.)

342 1132 411 1196 135.
454 1131 615 1209 Vesperae
651 1129 705 1193 vel
744 1129 1003 1208 Completorium
1043 1131 1078 1193 in
1114 1132 1268 1197 omnibus
1305 1133 1449 1197 ecclesiis

300 1247 414 1312 diebus
435 1246 615 1310 Dominicis
635 1246 805 1326 Festisque
824 1246 1070 1311 solemnioribus
1090 1256 1168 1311 ante
1187 1248 1263 1312 solis
1282 1269 1447 1325 occasum,

300 1371 463 1443 quatenus
476 1362 546 1426 fieri
561 1371 680 1442 potest,
696 1363 921 1437 decantentur,
937 1371 1038 1444 atque
1051 1364 1114 1427 hae
1129 1365 1261 1444 quidem
1275 1385 1447 1445 nunquam

301 1480 503 1544 omittendae
527 1488 604 1543 sunt
628 1480 672 1543 ob
695 1479 760 1542 alia
783 1479 935 1543 exercitia
958 1480 1101 1558 pietatis.
1145 1481 1269 1560 Quodsi
1291 1502 1366 1546 rure
1389 1483 1449 1546 ali·

300 1598 433 1677 quando
466 1597 560 1676 copia
586 1616 653 1659 non
680 1596 722 1659 sit
749 1614 804 1659 eas
830 1595 1036 1671 decantandi,
1065 1599 1235 1662 hortamur
1261 1599 1449 1664 sacerdotes

298 1723 338 1778 ut
360 1723 507 1792 ternpore
529 1713 752 1792 pomeridiano
774 1732 891 1791 pueros
912 1712 989 1777 fidei
1011 1714 1197 1778 rudimenta
1219 1715 1368 1791 doceant,
1393 1716 1447 1780 vel

298 1830 409 1894 fideles
429 1830 582 1893 concione
602 1830 776 1904 instruant,
798 1830 851 1893 vel
872 1829 936 1892 alia
956 1830 1089 1908 pietatis
1109 1832 1261 1896 exercitia
1280 1832 1315 1894 in
1335 1831 1447 1896 aedifi-

167 1930 170 1938 ’
299 1948 462 2011 cationem
484 1955 650 2025 peragant.
698 1944 788 2026 (Syn.
812 1947 863 2023 V,
889 1945 976 2024 106.)

341 2099 410 2161 136.
454 2097 568 2171 Missa,
587 2097 757 2175 Vesperae,
777 2104 811 2159 et
829 2104 958 2159 caetera
977 2096 1099 2160 Divina
1117 2097 1231 2161 Officia
1249 2098 1343 2176 juxta
1370 2098 1476 2162 mis-¹

298 2213 364 2276 sale
387 2221 422 2277 ct
444 2213 643 2278 breviarium
676 2212 802 2291 integra
825 2213 1050 2288 decantentur,
1076 2214 1214 2293 ideoque
1237 2214 1447 2278 Ordinarium

297 2338 331 2393 ct
350 2330 522 2408 Proprium
539 2331 593 2392 vel
611 2329 794 2392 Commune
812 2329 847 2391 in
866 2329 979 2403 Missa,
998 2349 1127 2393 necnon
1144 2338 1178 2393 et
1196 2330 1393 2408 antiphonas
1412 2339 1448 2395 et

298 2447 440 2524 psalmos
453 2446 550 2509 nullis
563 2446 689 2509 omissis
702 2454 761 2509 aut
774 2445 962 2519 decurtatis
977 2466 1053 2508 cum
1065 2446 1189 2524 hymno
1202 2455 1236 2510 et
1250 2447 1445 2525 Magnificat

297 2563 332 2625 in
354 2563 503 2641 Vesperis
526 2563 651 2626 cantari
673 2561 898 2641 praecipimus
946 2559 1036 2641 (Syn.
1063 2563 1121 2637 11,
1149 2562 1233 2640 164.)

341 2716 410 2778 137.
454 2713 587 2777 Iteratis
612 2713 750 2776 decretis
776 2713 807 2775 S.
836 2712 939 2791 Cong.
967 2713 1108 2776 Rituum
1133 2714 1321 2792 reprobavit
1346 2734 1446 2777 usum

299 2830 424 2894 sedium
443 2830 651 2894 cameralium
670 2830 741 2893 loco
760 2829 883 2892 scamni
902 2849 962 2908 pro
981 2830 1165 2894 celebrante
1183 2839 1217 2894 et
1234 2830 1393 2893 ministris
1412 2831 1447 2894 in

299 2948 403 3010 Missa
424 2957 458 3012 et
478 2947 636 3025 Vesperis,
660 2967 799 3027 eumque
820 2946 1054 3010 eliminandum
1074 2947 1222 3011 mandat.
1278 2946 1369 3026 (syn.
1392 2949 1447 3028 V.,

303 3062 386 3141 115.)

656 3189 710 3250 Da
726 3190 846 3252 Fasrrs
861 3208 904 3252 ar
918 3190 1086 3268 JaJUan.

342 3349 410 3411 138.
455 3347 533 3410 Dies
545 3346 621 3410 iesti
632 3347 693 3411 sub
706 3320 879 3426 praecepto
891 3347 926 3409 in
936 3346 999 3410 hac
1013 3346 1160 3410 Dioecesi
1173 3355 1264 3410 sunt:
1283 3367 1399 3411 omnes
1411 3355 1447 3411 et

299 3463 416 3542 singuli
445 3464 514 3526 dies
546 3463 718 3538 Dominici,
748 3465 846 3527 Festa
876 3463 1083 3538 Natiuitatis,
1111 3463 1382 3538 Circumcisionis
1412 3472 1448 3528 et

299 3580 503 3644 Ascensionis
539 3579 672 3643 Domini
707 3580 821 3643 Nostri
855 3581 934 3659 Jesu
969 3579 1102 3654 Christi,
1139 3588 1173 3643 et
1208 3580 1446 3644 Immaculatae

299 3697 530 3775 Conceptionis
554 3704 588 3759 et
613 3696 853 3774 Assumptionis
878 3696 993 3760 Almae
1017 3695 1192 3760 Genitricis
1218 3695 1281 3759 Dei
1306 3693 1447 3772 Mariae,¹

299 3813 454 3877 Omnium
471 3813 610 3892 denique
627 3813 831 3876 Sanctomm.
1012 3793 1018 3800 ⁶

341 3965 409 4027 139.
454 3963 592 4026 Parochi
624 3982 801 4042 eorumque
825 3962 940 4027 vicarii
965 3962 1078 4026 stricte
1102 3970 1259 4026 moneant
1284 3963 1444 4041 populum

297 4080 359 4144 illis
385 4079 593 4143 commissum
612 4079 653 4142 de
671 4087 844 4157 praecepto
870 4079 1009 4142 Missam
1034 4078 1149 4142 diebus
1174 4079 1266 4142 iestis
1291 4078 1446 4142 audiendi

298 4206 332 4262 et
358 4182 472 4260 curent
497 4206 537 4261 ut
564 4196 686 4259 Missae
712 4195 913 4259 celebrentur
937 4196 1026 4259 horis
1052 4196 1321 4260 convenientibus
1346 4196 1445 4260 sicuti

301 4315 406 4379 solent
420 4314 535 4378 diebus
551 4313 739 4377 Dominicis
