3538 5190
282 517 325 581 66
624 535 668 578 na
691 533 793 578 eorus
816 533 1090 580 rauronaarevs.

283 716 527 796 quamprimum
546 735 658 778 earum
678 735 806 778 summa
825 715 869 778 ad
888 715 1126 779 Cancellarium
1146 716 1305 780 Nostrum
1325 724 1431 779 trans-

282 832 444 896 mittetur.
492 829 753 910 (syn.11.‚214;
783 833 834 906 V.,
856 831 939 908 154.)

328 976 396 1038 186.
441 974 532 1037 Nulli
556 974 666 1038 licebit
694 974 836 1053 parocho
860 974 895 1036 in
918 973 1052 1037 ecclesia
1075 974 1137 1037 sibi
1161 973 1295 1037 subdita
1319 973 1431 1037 collec-

282 1099 355 1154 tam
372 1090 485 1168 jubere
502 1098 560 1153 aut
578 1090 767 1168 permittere
784 1109 843 1168 pro
860 1109 956 1168 opere
973 1090 1063 1170 quod
1079 1090 1123 1152 ad
1138 1090 1264 1153 bonum
1280 1090 1432 1154 ecclesiae

284 1205 471 1285 praedictae
498 1226 555 1268 seu
582 1206 838 1284 congregationis
865 1205 987 1268 directe
1012 1226 1080 1269 non
1105 1207 1274 1280 referatur,
1302 1206 1364 1268 nisi
1391 1207 1433 1268 de

284 1323 406 1402 judicio
422 1322 585 1386 Ordinarii
600 1323 673 1398 fiat;
701 1343 761 1385 nec
776 1323 862 1387 sinat
878 1323 1039 1402 parochus
1053 1331 1093 1386 ut
1107 1323 1216 1386 ubivis
1231 1343 1379 1402 unquam
1398 1323 1433 1386 in

285 1459 345 1502 sua
364 1439 513 1517 paroecia
533 1438 716 1503 sacerdotes
735 1439 879 1502 extranei
897 1439 950 1502 vel
969 1440 1138 1518 religiosae
1158 1439 1293 1519 quaevis
1314 1439 1433 1518 stipem

285 1555 439 1633 colligant
451 1555 514 1617 nisi
527 1555 692 1618 licentiam
706 1555 863 1618 Nostram
876 1555 1032 1633 scriptam
1044 1555 1193 1618 exhibere
1207 1563 1345 1634 queunt;
1366 1576 1433 1637 qua

284 1671 312 1736 si
330 1673 403 1751 quis
420 1680 539 1745 carcat,
560 1672 664 1735 Nobis
681 1672 900 1735 denuntietur.
948 1669 1039 1751 (Syn.
1054 1673 1104 1746 V,
1127 1675 1199 1748 156;
1225 1672 1307 1735 Can.
1325 1671 1429 1750 1504.)

329 1814 397 1877 187.
442 1813 577 1876 Penitus
589 1814 799 1891 prohibemus
811 1833 852 1875 ne
864 1833 1012 1894 unquam
1028 1813 1063 1875 in
1078 1814 1141 1876 hac
1159 1814 1282 1877 Nostra
1294 1813 1433 1878 dioecesi

285 1949 492 2008 quacumque
507 1928 549 1992 de
564 1949 663 1992 causa
678 1950 698 1993 a
713 1929 863 1992 fidelibus
878 1929 1025 2007 exigatur
1039 1938 1079 1993 ut
1095 1929 1139 1992 ad
1154 1938 1266 2008 portas
1281 1930 1434 1992 ecclesiae

284 2045 456 2124 pecuniam
482 2045 622 2119 solvant,
650 2053 709 2108 aut
735 2046 900 2109 chartulas
926 2045 1064 2124 pecunia
1089 2054 1218 2124 emptas
1243 2045 1430 2120 exhibeant,

285 2170 464 2241 antequam
486 2162 564 2240 ipsis
587 2171 701 2240 pateat
727 2163 771 2224 ad
797 2162 935 2224 Missam
958 2171 1017 2226 aut
1043 2162 1086 2225 ad
1111 2162 1176 2225 alia
1199 2162 1302 2226 divini
1326 2163 1433 2226 cultus

285 2278 393 2342 officia
410 2278 573 2342 introitus.
621 2276 711 2356 (Syn.
729 2279 766 2352 Ι.,
786 2280 837 2354 18;
865 2278 946 2341 Can.
966 2277 1070 2354 1181.)

329 2420 397 2483 188.
441 2418 644 2497 Jamdudum
664 2427 737 2482 rata
756 2419 807 2481 lex
827 2427 935 2482 estut
955 2427 1137 2482 conventus
1156 2419 1212 2493 illi,
1234 2419 1333 2497 vulgo
1353 2419 1434 2483 dicti

287 2535 463 2613 “pionica’'
484 2535 722 2609 “excursione”
742 2535 777 2599 in
794 2535 944 2615 paroecia
960 2535 1073 2598 haberi
1089 2553 1157 2598 non
1173 2535 1299 2613 possint
1318 2535 1380 2598 nisi
1399 2535 1434 2598 in

285 2651 420 2729 singulis
437 2650 565 2714 casibus
582 2651 771 2715 obtineatur
788 2651 943 2730 Episcopi
959 2651 1099 2715 licentia.
1144 2653 1239 2726 Item,
1258 2651 1300 2714 de
1316 2651 1435 2714 nundi-

180 2751 184 2760 *
284 2767 345 2840 nie,
365 2745 463 2844 vulgd
484 2766 580 2830 dictis
599 2767 733 2842 “fahs”
754 2768 944 2842 “bamma''
963 2767 1139 2831 statuimus
1160 2787 1215 2830 eas
1235 2767 1347 2830 haberi
1368 2787 1434 2830 non

284 2903 380 2961 posse
407 2883 476 2945 sine
503 2883 626 2946 Nostra
653 2883 785 2948 licentia
812 2903 970 2962 expressa.
1014 2884 1173 2948 Volumus
1199 2878 1368 2962 praeterea
1393 2892 1433 2947 ut

285 2999 483 3063 festivitates
503 3001 638 3080 quaevis
659 3001 854 3078 paroeciales
878 2991 1074 3078 (“reunionS,
1098 3001 1183 3063 lawn
1203 3000 1334 3079 parties,
1356 3000 1433 3063 field

286 3116 390 3194 days'’
416 3124 449 3178 et
480 3124 608 3179 caetera
637 3115 838 3194 hujusmodi)
864 3137 932 3179 non
956 3117 1141 3180 habeantur
1163 3116 1226 3179 nisi
1249 3115 1335 3179 inira
1358 3137 1434 3179 con·

285 3231 366 3294 fines
379 3231 546 3295 districtus
560 3231 660 3310 ipsius
674 3233 807 3312 parochi
821 3233 882 3296 sub
896 3233 990 3310 cujus
1004 3232 1171 3295 curatione
1188 3241 1432 3310 promoventur.

287 3345 378 3426 (Syn.
400 3349 451 3422 V.,
476 3346 559 3426 157.)

495 3537 550 3599 Da
564 3537 822 3600 Aamrrcroavu
838 3538 1041 3600 Sravcrom
1056 3555 1098 3599 nr
1114 3536 1223 3600 Coun.

330 3687 397 3750 189.
443 3686 533 3749 Nulli
553 3687 588 3749 in
606 3687 744 3750 dioecesi
765 3687 888 3750 Nostra
907 3687 1068 3750 sacerdoti
1088 3687 1184 3750 liceat
1203 3707 1326 3750 novam
1345 3686 1433 3750 aedi-

283 3801 381 3864 ficare
415 3803 591 3877 ecclesiam,
628 3803 781 3877 scholam,
817 3803 953 3866 domum
987 3804 1209 3881 paroecialem,
1246 3803 1299 3866 vel
1333 3803 1433 3866 aliam

284 3926 493 3993 structuram,
510 3938 570 3981 nec
584 3928 728 3983 veterem
743 3919 950 3997 amplificare,
968 3927 1027 3982 aut
1042 3919 1230 3983 notabiliter
1245 3919 1430 3993 immutare,

284 4042 344 4098 aut
363 4035 453 4098 illam
472 4055 679 4116 quocumque
697 4037 796 4098 modo
816 4045 874 4100 aut
895 4055 1101 4116 quocumque
1119 4043 1292 4114 praetextu
1311 4034 1431 4098 debitis

284 4171 417 4214 onerare
439 4152 563 4232 absque
585 4153 744 4216 inmutata
767 4152 890 4215 Nostra
912 4152 1001 4231 prius
1024 4153 1170 4216 obtenta.
1218 4149 1309 4230 (Syn.
1335 4152 1372 4225 Ι.,
1397 4153 1431 4228 3;

286 4268 342 4341 ΙΙ.,
366 4265 449 4345 179.)
