3538 5190
296 561 337 626 68
636 579 682 624 na
705 579 816 626 eorus
837 579 1114 628 temporaneos.

341 759 409 822 196.
453 758 590 822 Parochi
621 757 738 838 singuli
768 758 930 822 rationem
961 777 1074 822 veram
1105 777 1183 822 suae
1214 757 1448 837 temporalium

295 875 456 939 bonorum
477 875 769 940 administrationis
790 883 824 939 et
846 875 1038 940 relationem
1059 875 1219 939 sinceram
1240 883 1349 939 status
1372 895 1448 956 par-

296 991 460 1055 oeciarum
479 992 599 1072 quibus
618 999 774 1072 praesunt
794 992 971 1072 quotannis
991 991 1242 1070 Archiepiscopo
1262 991 1297 1054 in
1317 991 1448 1070 scriptis

295 1108 445 1171 exiribere
467 1116 630 1182 tenentur,
654 1108 749 1187 juxta
771 1107 960 1170 schedulam
982 1107 1072 1186 typis
1094 1107 1286 1186 impressam
1308 1127 1328 1170 a
1351 1107 1447 1170 nobis

297 1223 532 1303 praescriptam
545 1244 646 1303 quam
659 1223 792 1302 singulis
805 1224 840 1286 in
853 1232 1058 1287 antecessum
1071 1243 1092 1288 a
1105 1223 1309 1288 Caucellaria
1323 1223 1449 1288 Nostra

295 1340 385 1404 mitti
401 1340 595 1404 curabimus.
643 1338 733 1420 (Syn.
752 1340 809 1414 11„
826 1341 901 1416 2113
929 1341 980 1414 V.‚
1000 1342 1072 1416 158;
1101 1339 1183 1403 Can.
1201 1341 1272 1415 470,
1293 1339 1398 1418 1525.)

339 1592 408 1656 197.
452 1590 628 1654 Tributum
661 1589 932 1663 cathedraticum,
960 1589 1016 1652 illa
1048 1609 1165 1668 nempe
1191 1608 1212 1652 a
1238 1588 1344 1652 Nobis
1371 1608 1450 1652 con·

296 1708 415 1771 stituta
435 1707 543 1786 portio
563 1705 711 1770 omnium
731 1707 897 1770 redituum
917 1705 975 1787 qui
995 1727 1035 1769 ex
1055 1705 1217 1771 locatione
1238 1724 1447 1769 scamnorum

295 1824 349 1887 vel
370 1843 430 1902 pro
451 1823 582 1886 sedibus
602 1823 638 1885 in
658 1822 792 1886 ecclesia
813 1821 1045 1900 percipiuntur,
1068 1821 1246 1902 quotannis
1267 1842 1289 1884 a
1310 1821 1444 1900 singulis

298 1939 447 2020 parochis
474 1948 509 2004 et
535 1939 716 2004 rectoribus
742 1938 949 2003 ecclesiarum
975 1937 1061 2003 inira
1087 1946 1243 2004 octavam
1275 1937 1449 2001 Paschatis

297 2056 453 2120 solvatur.
506 2053 597 2134 (Syn.
616 2057 667 2130 V.,
689 2057 762 2133 156;
789 2055 871 2119 Can.
893 2053 999 2132 1504.)

340 2209 408 2273 198.
452 2207 613 2271 Omnibus
646 2214 680 2270 et
715 2206 848 2284 singulis
883 2205 1105 2269 sacerdotibus
1140 2205 1175 2268 in
1208 2205 1271 2268 hac
1305 2204 1444 2268 dioecesi

296 2323 531 2397 laborantibus,
553 2322 707 2401 religiosis
730 2322 881 2400 exceptis,
904 2323 1018 2385 statim
1041 2321 1200 2385 ordinatis
1223 2322 1276 2385 vel
1303 2321 1447 2400 assigna-

297 2440 341 2504 tis
363 2439 563 2518 injungimus
580 2446 619 2502 ut
638 2457 757 2502 nomen
779 2440 859 2502 dent
877 2438 1026 2502 societati
1047 2429 1159 2516 (vulgo
1176 2437 1285 2501 dictae
1305 2427 1447 2516 “Clergy

297 2556 394 2619 Fund
417 2554 584 2634 Society”)
606 2555 641 2619 in
664 2555 936 2619 sustentationem
960 2555 1166 2618 sacerdotum
1186 2553 1368 2629 institutae,
1390 2553 1448 2634 qui

297 2673 340 2736 ob
359 2672 584 2735 infirmitatem
601 2680 660 2736 aut
677 2679 822 2736 aetatem
839 2671 1056 2734 ministerium
1074 2690 1202 2734 sacrum
1218 2670 1288 2749 jam
1300 2689 1447 2734 exercere

299 2808 366 2851 non
380 2788 503 2851 valent.
550 2786 641 2867 (Syn.
659 2788 727 2863 IV..
745 2790 819 2863 260;
845 2787 897 2862 V.,
916 2785 1000 2864 159.)
