3538 5190
767 561 1068 607 cousmrurronss.
1451 544 1491 607 29

385 744 415 807 3.
459 742 598 820 Quando
615 741 755 821 denique
769 739 898 804 validus
914 739 1080 818 judicatus
1097 740 1195 804 luerit
1212 740 1406 818 baptismus,
1422 740 1491 803 sola

289 910 291 914 ,
343 858 498 938 recipitur
515 856 680 936 abjuratio
699 877 756 920 seu
775 856 866 919 Fidei
885 855 1045 920 Professio
1064 876 1175 921 coram
1193 857 1372 932 sacerdote,
1395 857 1448 921 uti
1469 876 1491 921 a

344 975 450 1040 Nobis
462 976 624 1055 delegato,
639 982 674 1040 et
692 973 810 1038 duobis
827 973 980 1038 testibus.
1028 971 1127 1050 (Addi
1144 973 1239 1051 juvat
1257 973 1491 1038 confessionem

344 1091 613 1155 sacramentalem
630 1110 651 1154 a
668 1098 815 1168 tempore
831 1089 989 1167 baptismi
1005 1089 1127 1168 recepti
1143 1097 1224 1153 tunc
1244 1090 1345 1153 etiam
1365 1090 1491 1170 potius·

343 1228 446 1288 quam
468 1207 571 1272 serius
593 1205 830 1270 instituendam
854 1225 932 1282 esse,
953 1213 987 1270 et
1010 1205 1248 1270 absolutionem
1271 1206 1415 1269 dandam
1440 1206 1491 1270 uti
1580 1267 1582 1274 .

344 1324 416 1388 aliis
431 1322 605 1400 fidelihus.)
653 1321 744 1401 (Syn.
763 1322 819 1398 ΙΙ.,
838 1319 903 1400 63.)

386 1509 436 1571 43.
480 1505 712 1585 Unusquisque
735 1506 895 1584 parochus
911 1505 1033 1569 habeat
1052 1505 1186 1568 Librum
1204 1506 1439 1584 Baptismalem
1456 1506 1492 1570 in

344 1643 420 1703 quo,
445 1621 689 1702 quamprimum
713 1629 788 1699 post
812 1621 911 1700 hujus
937 1623 1133 1687 sacramenti
1163 1622 1488 1699 administrationem,

344 1738 588 1818 diligentissime
623 1737 850 1814 inscribantur,
886 1739 997 1816 lingua
1034 1758 1152 1817 nempe
1189 1739 1293 1803 latina
1330 1760 1491 1820 cursuque

344 1849 473 1935 legibili,
499 1854 633 1918 nomina
657 1854 783 1933 integra
807 1855 978 1933 baptizati,
1005 1862 1188 1934 parentum,
1214 1863 1248 1919 et
1273 1856 1490 1934 patrinomm;

302 1957 303 1962 ἵ
345 1993 478 2047 annum,
489 1970 609 2035 mensis
620 1979 653 2034 et
664 1970 733 2034 dies
743 1971 844 2034 levati
854 1970 1269 2049 nativitatisachaptismi;
1290 1972 1491 2036 domicilium

343 2108 475 2169 quoque
490 2095 664 2165 parentum
681 2095 714 2150 et
729 2107 850 2150 nomen
865 2087 1008 2165 puellare
1023 2077 1152 2163 matrisss
1179 2107 1306 2151 necnon
1322 2097 1355 2153 et
1372 2109 1492 2152 nomen

343 2203 494 2268 ministri.
538 2202 663 2266 Curent
689 2203 822 2282 parochi
838 2211 878 2266 ut
896 2204 931 2265 in
948 2203 1010 2266 hoc
1028 2203 1111 2266 libro
1128 2203 1372 2282 baptizatorum
1390 2205 1491 2269 adno-

344 2329 444 2395 tetur,
464 2319 577 2383 debito
595 2326 752 2397 tempore,
773 2318 800 2380 si
818 2319 1007 2397 baptizatus
1026 2319 1305 2384 confirmationem
1324 2322 1490 2400 receperit,

342 2435 591 2501 matrimonium
612 2435 819 2511 contraxerit,
842 2434 1115 2499 subdiaconatum
1136 2437 1322 2515 susceperit,
1344 2438 1398 2501 vel
1419 2457 1492 2516 pro·

344 2553 517 2618 sessionem
544 2553 720 2615 solemnem
748 2551 900 2628 emiserit,
928 2572 1050 2631 eaeque
1076 2553 1305 2617 adnotationes
1332 2554 1367 2617 in
1393 2554 1492 2618 docu-

341 2679 457 2734 menta
484 2668 610 2747 accepti
636 2667 846 2746 baptismatis
873 2669 1064 2733 referantur.
1121 2667 1214 2748 (Syn.
1237 2671 1289 2746 V.,
1316 2672 1371 2746 43;
1407 2670 1489 2735 Can.

230 2841 233 2844 ,
343 2789 415 2863 470,
435 2783 522 2864 777.)

386 2970 436 3030 44.
481 2967 558 3030 Pius
569 2967 652 3030 ritus
662 2966 874 3032 benedicendi
885 2968 1035 3032 mulieres
1046 2969 1249 3033 Christianus
1261 2979 1335 3049 post
1348 2978 1489 3048 partum,

343 3103 412 3146 non
431 3083 622 3161 promiscue,
645 3093 746 3164 atque
764 3085 856 3148 nulla
874 3084 1002 3149 ratione
1021 3086 1137 3149 habita
1157 3106 1333 3165 puerperae
1350 3083 1492 3165 'disposi-

341 3199 452 3274 tionis
471 3219 578 3278 neque
594 3208 686 3263 extra
703 3201 879 3276 ecclesiam,
898 3202 1093 3266 conferatur.
1140 3201 1231 3281 (Syn.
1252 3203 1308 3277 ΙΙ.,
1329 3203 1393 3281 65.)

777 3582 983 3653 'r1TtJtUs
1013 3583 1061 3653 V.

548 3760 610 3831 De
634 3761 908 3834 Sues-umento
933 3743 1292 3838 contumationes.

385 3941 437 4003 45.
482 3941 678 4022 Quanquam
704 3943 767 4007 hoc
794 3954 1034 4010 sacramentum
1060 3967 1128 4011 non
1154 3957 1203 4013 est
1231 3950 1272 4014 de
1297 3951 1492 4016 necessitate

339 4055 443 4120 medii
464 4056 507 4120 ad
529 4058 678 4134 salutem,
696 4059 819 4123 nemini
840 4069 954 4124 tamen
974 4062 1059 4137 licet,
1081 4064 1193 4129 oblata
1215 4067 1391 4142 occasione,
1410 4068 1492 4132 illud

340 4172 514 4251 negligere;
542 4173 609 4239 imo
624 4175 758 4253 parochi
773 4186 886 4241 curent
902 4186 941 4242 ut
956 4178 1066 4243 fideles
1082 4200 1206 4244 annum
1221 4184 1340 4247 aetatis
1355 4185 1491 4249 tertium

340 4287 507 4352 decimum
536 4290 736 4371 attingentes
766 4293 810 4357 ad
840 4293 921 4357 illud
951 4295 1119 4360 accedant.
1163 4299 1325 4376 Quoniam
1355 4301 1491 4379 juvenes
