3538 5190
346 585 384 654 12
791 612 878 656 acra
901 611 1036 656 senoni.

342 790 472 854 ficatur:
505 791 561 871 qui
583 792 711 854 locutus
732 799 782 853 est
803 811 860 869 per
881 794 1067 870 prophetas,
1110 793 1156 855 Et
1177 793 1296 867 Unam,
1320 793 1485 868 Sanctam,

343 907 548 970 Catholicam
567 916 601 970 et
620 907 842 985 Apostolicam
862 908 1049 971 Ecclesiam.
1094 909 1261 972 Confiteor
1278 929 1382 972 unum
1401 909 1488 988 Bap-

342 1023 440 1086 tisma
454 1023 489 1085 in
501 1024 722 1087 remissionem
736 1031 953 1102 peccatonun.
998 1025 1043 1087 Et
1057 1033 1208 1102 exspecto
1221 1025 1487 1110 resurrectionem

341 1149 554 1203 mortuorum.
598 1141 643 1203 Et
659 1141 766 1204 vitam
781 1141 912 1203 venturi
929 1141 1057 1204 saeculi.
1101 1141 1215 1205 Amen.

383 1255 586 1334 Apostolicas
603 1265 637 1320 et
654 1256 885 1320 ecclesiasticas
901 1255 1103 1332 traditiones,
1122 1259 1327 1338 reliquasque
1343 1258 1487 1322 eiusdem

342 1371 504 1435 Ecclesiae
531 1373 773 1464 observationes
800 1381 834 1436 et
861 1373 1111 1436 constitutiones
1137 1374 1319 1437 firmissime
1345 1375 1487 1438 admitto

341 1496 375 1551 et
398 1489 585 1566 amplector.
636 1491 722 1552 Item
747 1509 873 1553 sacram
899 1489 1101 1568 Scripturam
1126 1491 1218 1554 iuxta
1244 1511 1319 1553 eum
1345 1511 1485 1566 sensum,

341 1624 439 1685 quem
455 1605 562 1668 tenuit
579 1613 613 1668 et
629 1613 720 1668 tenet
738 1614 852 1668 sancta
869 1607 980 1668 Mater
997 1606 1149 1681 Ecclesia,
1169 1607 1262 1685 cujus
1279 1615 1328 1670 est
1345 1607 1487 1671 iudicare

340 1721 382 1784 de
401 1741 478 1783 vero
501 1741 597 1784 sensu
619 1730 652 1785 et
675 1722 943 1800 interpretatione
966 1743 1131 1786 sacrarum
1153 1723 1404 1802 Scripturarum,
1430 1725 1487 1788 ad·

340 1838 452 1914 mitto;
492 1859 552 1901 nec
580 1858 653 1900 eam
680 1859 836 1917 unquam,
865 1839 929 1901 nisi
957 1839 1049 1903 iuxta
1075 1841 1265 1902 unanimem
1294 1861 1486 1904 consensum

342 1955 486 2028 Panum,
509 1955 667 2033 accipiam
687 1963 721 2018 et
742 1955 990 2033 interpretabor.

383 2071 540 2135 Profiteor
565 2089 695 2151 quoque
719 2079 845 2149 septem
870 2091 939 2134 esse
962 2092 1039 2134 vere
1063 2080 1097 2135 et
1122 2073 1251 2151 proprie
1276 2073 1487 2137 Sacramenta

341 2187 542 2265 novaelegis
561 2207 581 2250 a
601 2188 676 2250 Iesu
695 2187 827 2251 Christo
847 2187 989 2250 Domino
1008 2196 1121 2251 nostro
1138 2189 1301 2263 instituta,
1322 2197 1423 2269 atque
1443 2191 1486 2254 ad

342 2304 481 2366 salutem
501 2304 637 2367 humani
659 2304 791 2382 generis,
814 2304 890 2367 licet
911 2324 978 2366 non
999 2304 1109 2367 omnia
1131 2305 1272 2383 singulis,
1295 2306 1484 2381 necessaria,

341 2419 471 2493 scilicet,
504 2420 722 2498 Baptismum,
756 2420 1056 2496 Confinnationem,
1089 2421 1339 2496 Eucharistiam‚
1373 2423 1486 2486 Poeni-

340 2536 489 2611 tentiam,
520 2537 710 2600 Extremam
738 2536 944 2612 Unctionem,
974 2537 1130 2600 Ordinem
1158 2546 1191 2601 et
1221 2539 1485 2616 Matrimonium;

340 2652 460 2731 illaque
473 2653 612 2730 gratiam
626 2653 780 2727 conferre,
797 2661 830 2716 et
845 2674 883 2716 ex
896 2653 947 2715 his
961 2653 1179 2732 Baptismum‚
1196 2655 1486 2718 Confinnationem

340 2777 373 2831 et
385 2769 540 2832 Ordinem
551 2769 619 2832 sine
630 2769 794 2847 sacrilegio
804 2770 949 2833 reiterari
959 2790 1026 2832 non
1036 2790 1138 2848 posse.
1183 2772 1486 2852 Receptosquoque

340 2892 374 2947 et
405 2886 603 2962 approbatos
634 2885 797 2948 Ecclesiae
827 2885 1018 2949 Catholicae
1047 2887 1130 2950 ritus
1160 2887 1195 2949 in
1224 2888 1485 2974 supradictorum

339 3001 486 3064 omnium
513 3001 796 3065 Sacramentorum
824 3002 970 3064 sollemni
997 3003 1280 3066 administratione
1305 3005 1424 3082 recipio
1451 2991 1498 3068 et

339 3117 490 3180 admitto.
535 3117 653 3180 Omnia
674 3127 707 3180 et
728 3117 854 3195 singula
877 3138 961 3198 quae
986 3119 1027 3181 de
1052 3128 1188 3197 peccato
1212 3121 1360 3198 originali
1385 3129 1419 3184 et
1444 3121 1486 3184 de

338 3233 569 3298 iustificatione
599 3234 633 3295 in
663 3242 868 3297 sacrosancta
898 3235 1091 3298 Tridentina
1121 3236 1254 3314 Synodo
1284 3236 1420 3300 definita
1451 3245 1484 3300 et

338 3349 503 3412 declarata
526 3349 668 3425 luerunt,
694 3351 872 3428 amplector
895 3359 929 3414 et
952 3351 1080 3430 recipio.
1126 3353 1283 3416 Profiteor
1306 3354 1427 3431 pariter
1450 3354 1485 3416 in

339 3466 444 3528 Missa
453 3466 560 3528 offeni
572 3467 643 3529 Deo
653 3487 777 3541 verum
790 3467 957 3545 proprium
967 3475 1000 3530 et
1011 3468 1274 3546 propitiatoriun
1285 3469 1484 3533 Sacrificium

338 3602 397 3660 pro
414 3582 499 3645 vivis
518 3590 551 3645 et
569 3583 745 3660 defunctis;
774 3591 875 3662 atque
891 3583 926 3645 in
942 3584 1146 3648 sanctissimo
1163 3585 1388 3651 Eucharistiae
1409 3587 1483 3649 Sac-

337 3707 486 3761 ramento
503 3719 571 3761 esse
584 3719 669 3774 vere,
684 3700 813 3762 realiter
827 3708 861 3762 et
878 3700 1138 3764 substantialiter
1151 3701 1279 3780 Corpus
1296 3709 1330 3765 et
1348 3702 1483 3780 Sangui-

337 3834 413 3876 nem
426 3835 494 3878 una
510 3834 585 3877 cum
602 3815 713 3878 anima
729 3823 763 3878 et
780 3815 955 3880 divinitate
973 3817 1106 3880 Domini
1124 3817 1239 3882 Nostri
1257 3819 1331 3881 Iesu
1348 3818 1481 3893 Christi,

337 3930 470 4009 fierique
493 3932 735 3994 conversionem
758 3931 862 3995 totius
885 3933 1089 3996 substantiae
1111 3933 1205 4012 panis
1228 3934 1263 3996 in
1286 3934 1423 4014 Corpus,
1449 3943 1482 3998 et

338 4046 440 4109 totius
468 4047 672 4110 substantiae
698 4047 768 4109 vini
802 4048 837 4110 in
869 4048 1075 4128 Sanguinem,
1105 4069 1205 4128 quarn
1239 4051 1483 4114 conversionem

337 4161 509 4225 Catholica
541 4139 685 4227 Ecclesia
718 4165 1132 4229 Transsubstantiationem
1165 4166 1319 4244 appellat.
1339 4209 1344 4216 ,ι
1363 4168 1483 4231 Fateor

337 4280 437 4343 etiam
449 4281 509 4343 sub
521 4281 624 4343 altera
635 4288 768 4344 tantum
780 4281 885 4360 specie
895 4289 1005 4344 totum
1016 4289 1116 4361 atque
1127 4283 1290 4360 integrum
1301 4283 1480 4358 Christum
