3538 5190
732 573 1031 619 consrrrorronas.
1415 555 1453 616 51

308 752 532 815 sacerdotibus
563 752 723 825 foveatur,
757 751 970 830 fidelibusque
1005 750 1066 812 sibi
1100 749 1256 827 subjectis
1286 749 1387 812 verbo
1421 757 1455 812 et

309 869 456 946 exemplo
484 868 738 931 commendetur.
783 867 881 930 Hune
908 867 942 929 in
969 866 1067 928 finem
1095 866 1246 929 ecclesiae
1274 865 1308 927 in
1336 865 1455 945 quibus

308 984 363 1047 SS.
389 985 595 1048 Eucharistia
618 992 805 1047 asservatur
828 983 974 1063 quotidie
996 983 1146 1046 fidelibus
1168 989 1315 1060 pateant.
1362 979 1453 1060 (Syn.

309 1101 365 1174 II.,
393 1103 446 1176 89;
484 1101 566 1164 Can.
597 1099 700 1177 1266.)

352 1268 421 1330 125.
465 1266 518 1329 Ad
549 1266 733 1344 augendam
763 1265 972 1329 devotionem
1003 1285 1078 1343 erga
1109 1265 1163 1328 SS.
1197 1265 1452 1339 Sacramentum,

308 1383 490 1446 curandum
517 1391 567 1446 est
593 1391 633 1446 ut
661 1383 836 1462 quotannis
863 1382 898 1444 in
925 1382 1057 1460 singulis
1084 1382 1233 1456 ecclesiis
1262 1382 1455 1445 instituatur

307 1499 533 1578 Quadraginta
556 1499 721 1562 Horarum
742 1499 910 1562 Adoratio.
956 1498 1107 1576 Indulget
1130 1499 1161 1561 S.
1186 1498 1284 1561 Sedes
1304 1507 1343 1560 ut
1366 1499 1455 1576 apud

307 1636 366 1679 nos
393 1616 435 1679 de
460 1624 559 1679 nocte
585 1615 833 1679 sanctissimum
859 1615 1063 1689 recondatur,
1093 1623 1126 1678 et
1152 1624 1192 1679 ut
1219 1615 1455 1693 processionem

307 1733 459 1795 omittere
479 1732 586 1806 liceat,
609 1733 636 1794 si
657 1732 828 1796 commode
847 1732 916 1794 fieri
936 1739 1088 1811 nequeat,
1112 1732 1192 1811 quin
1212 1740 1325 1794 tamen
1344 1732 1455 1797 fideles

306 1849 517 1927 indulgentiis
535 1849 714 1926 priventur.
761 1847 851 1927 (Syn.
873 1849 929 1922 II.‚
953 1849 1024 1923 167;
1043 1848 1124 1911 Can.
1148 1847 1252 1925 1275.)

351 2017 420 2080 126.
465 2015 556 2078 Dum
580 2015 703 2078 Missae
726 2015 925 2078 Sacrificium
948 2016 1000 2077 vel
1024 2014 1088 2077 alia
1111 2015 1224 2078 divina
1247 2015 1352 2078 officia
1375 2017 1455 2079 celc-

306 2132 453 2205 brantur,
486 2132 684 2222 mandamus
714 2139 753 2194 ut
786 2131 940 2194 candelae
971 2152 1081 2194 cereae
1112 2132 1147 2194 in
1178 2132 1274 2195 altari
1306 2133 1452 2208 ardeant,

306 2268 346 2311 eo
388 2249 505 2311 saltem
556 2267 692 2311 numero
734 2268 832 2327 quem
873 2249 1043 2328 requirunt
1086 2248 1241 2311 rubricae.
1296 2249 1455 2313 Sebaceae

306 2373 420 2427 tamen
448 2364 502 2427 vel
532 2364 661 2438 similes,
692 2365 834 2427 maxime
863 2365 1010 2443 exposito
1041 2365 1095 2428 SS.
1128 2365 1347 2440 Sacrament0‚
1379 2367 1455 2430 hinc

306 2481 391 2554 inde,
423 2481 479 2544 sed
507 2501 574 2544 non
612 2481 700 2544 intra
728 2481 892 2546 ambitum
930 2481 1052 2556 altaris,
1082 2502 1218 2546 numero
1256 2483 1455 2561 praescripto

306 2597 385 2660 addi
400 2605 546 2676 possunt.
591 2598 678 2660 Usus
692 2597 773 2660 lucis
787 2598 964 2672 electricae,
981 2598 1167 2661 sicutenim
1182 2619 1247 2677 gas,
1265 2599 1455 2676 prohibetur

210 2695 215 2699 ’
306 2715 341 2777 in
358 2714 397 2777 iis
415 2734 500 2794 quae
515 2714 677 2777 rationem
694 2714 802 2777 cultus
818 2714 952 2778 habent.
995 2715 1145 2778 Vetitum
1162 2723 1211 2778 est
1228 2715 1275 2778 eis
1290 2715 1341 2778 uti
1359 2736 1455 2794 super

307 2831 413 2905 altari,
437 2831 537 2894 etiam
557 2851 625 2894 una
646 2851 720 2894 cum
742 2831 884 2894 candelis
905 2831 1124 2910 praescriptis;
1156 2832 1192 2894 in
1212 2833 1283 2895 aliis
1304 2833 1455 2896 ecclesiae

307 2947 385 3011 locis
408 2955 637 3026 praeterquam
660 2948 695 3010 in
717 2956 792 3011 tota
815 2956 981 3011 structura
1004 2948 1116 3011 altaris
1140 2949 1360 3027 permittimus
1384 2950 1455 3013 illu·

305 3063 520 3126 minationem
559 3063 752 3138 electricam,
792 3072 926 3128 tantum
964 3065 1008 3128 ad
1046 3066 1197 3129 tenebras
1236 3065 1452 3144 depellendas,

307 3181 486 3245 dummodo
512 3181 633 3260 species
658 3201 725 3244 non
750 3182 912 3245 habeatur
937 3183 1115 3245 theatralis.
1163 3181 1254 3262 (Syn.
1283 3184 1350 3258 IV.,
1381 3186 1453 3260 169;

191 3284 193 3289 ’
306 3297 357 3371 ν.,
375 3295 459 3374 114.)

659 3447 714 3510 Da
729 3447 880 3512 Orrrcrrs
895 3448 1103 3510 ernnorcrs

352 3613 420 3676 127.
464 3612 563 3676 Omni
579 3613 689 3677 studio
705 3621 819 3678 curent
841 3614 974 3694 parochi
993 3622 1032 3677 ut
1053 3615 1275 3678 caeremoniae
1294 3624 1329 3679 et
1347 3616 1455 3680 officia

306 3749 346 3792 ea
363 3748 485 3808 pompa
502 3737 536 3792 et
553 3729 715 3808 dignitate
732 3731 919 3808 procedant,
937 3751 1021 3810 quae
1038 3731 1165 3795 cultum
1182 3731 1276 3796 decet
1294 3732 1452 3808 divinum,

306 3853 341 3909 et
366 3845 570 3909 adstantium
593 3854 720 3909 mentes
744 3846 787 3909 ad
811 3846 970 3925 pietatem
994 3847 1130 3910 incitare
1153 3848 1265 3927 possit.
1310 3849 1454 3930 Ideoque

306 3962 368 4024 sibi
385 3971 575 4041 comparent
592 3962 672 4025 illud
688 3983 785 4026 omne
802 3963 891 4042 quod
907 3972 957 4027 est
973 3964 1190 4027 necessarium
1206 3965 1250 4028 ad
1266 3965 1454 4030 celebratio-

306 4097 382 4141 nem
408 4078 511 4142 divini
539 4079 647 4142 cultus
675 4079 738 4143 rite
768 4079 967 4155 obeundam;
1004 4100 1120 4158 pueros
1150 4101 1281 4160 quoque
1309 4083 1454 4148 habeant

306 4170 474 4258 ministros
500 4195 583 4258 bene
608 4195 794 4271 instructos,
822 4196 888 4275 qui,
915 4205 1007 4259 veste
1034 4197 1130 4260 talari
1160 4205 1194 4260 et
1224 4199 1453 4276 superpelliceo

306 4311 424 4386 induti,
445 4331 520 4374 cum
538 4311 763 4375 aedificatione
781 4313 877 4376 altari
896 4312 1084 4376 inserviant.
1131 4311 1222 4392 (Syn.
1244 4316 1300 4391 II,
1322 4315 1406 4394 133.)
