3538 5190
289 595 331 659 32
708 613 753 657 oa
775 612 1018 659 aucarrrsrrn.

290 811 324 855 se
341 800 415 855 turn
433 812 493 870 pro
511 791 577 855 suis
595 792 734 856 vicariis.
778 791 850 870 Quo
869 791 904 854 in
922 811 999 855 casu
1018 812 1077 870 pro
1094 813 1162 856 una
1180 802 1313 857 tantum
1334 795 1439 858 Missa

289 909 489 987 stipendium
519 909 664 986 accipere
694 908 783 985 licet;
825 928 886 972 nec
916 909 978 972 hoc
1009 909 1142 988 quidem
1172 910 1248 974 licet
1280 912 1435 990 accipere,

289 1024 316 1087 si
332 1044 400 1088 una
415 1025 515 1088 missa
531 1024 600 1103 jam
617 1044 676 1102 pro
694 1015 819 1103 populo*
832 1025 875 1089 sit
892 1023 963 1103 jure
980 1026 1185 1114 applicanda.
1233 1024 1328 1102 (Can.
1348 1026 1435 1104 824.)

331 1184 381 1246 54.
425 1181 578 1261 Quisquis
607 1181 809 1245 sacerdotem
837 1181 1018 1245 ministerio
1047 1182 1082 1244 in
1110 1183 1173 1246 hac
1202 1183 1340 1247 dioecesi
1371 1204 1440 1248 non

289 1298 491 1376 assignatum
510 1297 553 1361 ad
573 1298 822 1362 celebrationem
848 1298 972 1361 Missae
991 1298 1140 1362 admittit
1159 1299 1195 1362 in
1213 1320 1272 1362 sua
1291 1301 1438 1376 ecclesia,

290 1415 359 1478 sive
381 1414 509 1544 ratior'
532 1414 716 1477 litterarum
740 1415 1092 1489 commendatitiarum,
1119 1415 1188 1479 sive
1211 1416 1339 1479 ratione
1364 1436 1440 1494 pro-

289 1531 404 1596 bitatis
427 1531 497 1610 ejus
520 1531 582 1594 sibi
604 1531 751 1610 apprime
772 1539 881 1606 notae,
906 1539 1037 1594 tenetur
1060 1532 1174 1596 statim
1198 1532 1437 1596 Cancellariunr

291 1649 450 1713 Nostrum
473 1648 642 1712 certiorem
664 1648 770 1711 iacere
793 1649 834 1711 de
856 1648 1052 1718 admissione
1074 1649 1143 1723 tali,
1168 1650 1438 1730 quotiescumque

290 1765 343 1827 ille
363 1764 512 1828 sacerdos
531 1765 619 1827 ultra
639 1765 880 1828 hebdomadam
900 1765 935 1826 in
956 1765 1080 1828 Nostra
1100 1765 1237 1828 dioecesi
1258 1786 1438 1829 commora-

291 1889 386 1944 turus
408 1881 461 1944 vel
484 1880 553 1959 jam
577 1889 797 1944 commoratus
820 1881 872 1944 sit.
928 1882 1089 1945 Parochos
1113 1882 1248 1945 tandem
1269 1902 1440 1946 monemus

291 1998 513 2068 hisceverbis
537 1998 723 2060 nullatenus
749 1998 896 2076 derogari
921 1997 983 2076 legi
1011 1998 1052 2060 de
1078 1999 1272 2061 necessitate
1299 1999 1441 2063 Nostrae

291 2115 407 2178 veniae
430 2115 576 2193 specialis
599 2135 658 2193 pro
682 2115 835 2177 concione
858 2115 1010 2178 habenda
1033 2115 1086 2177 vel
1109 2115 1309 2178 confessione
1334 2136 1442 2179 sacra·

291 2231 428 2295 mentali
449 2231 646 2310 excipienda.
694 2228 788 2307 (Can.
808 2230 894 2308 804.)

331 2392 381 2453 55.
426 2389 548 2468 Quodsi
574 2388 723 2452 sacerdos
748 2388 888 2466 ignotus,
913 2408 973 2451 nec
994 2387 1112 2452 litteris
1135 2388 1255 2452 debitis
1277 2390 1437 2466 munitus,

291 2506 500 2569 nihilominus
527 2505 680 2568 omnibus
708 2503 882 2583 perpensis,
910 2504 1000 2568 nulla
1028 2504 1147 2567 indicia
1172 2506 1327 2583 praebeat
1354 2527 1439 2586 quae

292 2623 384 2686 illurn
410 2622 579 2700 designent
606 2621 776 2700 indignum
802 2621 859 2700 qui
885 2621 929 2683 ad
955 2621 1204 2685 celebrationem
1231 2622 1355 2685 Missae
1381 2623 1439 2685 ad-

291 2739 455 2812 mittatur,
476 2746 586 2817 potest
606 2738 704 2801 semel
724 2737 866 2811 admitti,
888 2737 931 2799 ad
951 2737 1090 2799 Missam
1109 2737 1275 2815 privatam
1293 2747 1437 2813 tantum,

292 2854 426 2916 minime
444 2874 522 2916 vero
541 2854 719 2932 publicam;
750 2874 816 2933 quo
834 2853 869 2915 in
887 2873 965 2916 casu
984 2853 1098 2916 statim
1117 2854 1234 2917 certior
1252 2853 1321 2917 fieri
1340 2855 1439 2919 debet

294 2971 514 3035 Cancellarius
527 2971 658 3044 Noster,
672 2971 713 3034 de
726 2971 781 3033 illo
795 2971 963 3033 sacerdote
979 2970 1028 3033 ita
1045 2970 1197 3034 admisse.
1241 2968 1336 3048 (Can.
1352 2970 1439 3049 804.)

600 3210 656 3272 Da
673 3210 861 3273 M1ssAaUM
877 3210 1131 3272 Eieauosrnls.

334 3379 384 3442 56.
428 3377 554 3456 Stipem
567 3377 754 3440 manualem
769 3376 947 3438 Missarum
962 3377 996 3438 in
1009 3376 1072 3438 hac
1087 3376 1224 3439 dioecesi
1238 3376 1442 3440 declaramus

293 3514 362 3558 esse
377 3514 481 3556 unum
498 3502 665 3557 scutatum
685 3491 760 3569 (one
776 3491 908 3569 dollar);
938 3513 976 3555 ea
992 3492 1151 3569 majorem
1167 3500 1320 3555 vetamus
1337 3512 1441 3555 sacer-

293 3611 387 3675 dotes
407 3610 539 3688 exigere.
587 3608 677 3688 (Syn.
701 3610 757 3684 ΙΙ.,
782 3611 854 3684 138;
876 3608 957 3671 Can.
981 3607 1066 3685 831.)

336 3769 386 3832 57.
430 3768 493 3846 Qui
515 3768 639 3831 habent
662 3767 840 3830 Missarum
861 3786 1034 3828 numerum
1056 3767 1098 3828 de
1119 3765 1238 3844 quibus
1261 3765 1322 3829 sibi
1344 3766 1442 3828 liceat

294 3885 393 3948 libere
405 3885 583 3963 disponere,
599 3892 736 3962 possunt
750 3903 805 3946 eas
819 3883 961 3946 tribuere
975 3882 1197 3945 sacerdotibus
1211 3881 1273 3945 sibi
1287 3882 1441 3961 acceptis,

295 4000 474 4064 dummodo
489 4001 590 4078 probe
606 4001 667 4064 sibi
684 4008 811 4064 constet
827 4019 882 4062 eos
897 4018 966 4061 esse
981 3999 1070 4061 omni
1086 3998 1274 4076 exceptione
1288 3998 1440 4076 majores

294 4117 348 4180 vel
367 4117 555 4180 testimonio
574 4117 696 4196 proprii
716 4115 878 4180 Ordinarii
898 4115 1152 4178 commendatos.
1197 4114 1260 4192 Qui
1281 4115 1404 4178 Missas
1423 4134 1444 4176 a

296 4233 445 4297 fidelibus
463 4241 611 4312 receptas
629 4241 688 4296 aut
708 4252 838 4312 quoque
855 4232 955 4294 modo
974 4251 1051 4294 suae
1070 4231 1146 4293 fidei
1165 4230 1353 4293 commissas
1372 4230 1444 4293 aliis

295 4350 505 4414 celebrandas
544 4349 749 4423 tradiderint,
790 4347 989 4426 obligatione
1028 4355 1182 4410 tenentur
1220 4366 1325 4426 usque
1364 4347 1444 4409 dum
