3538 5190
559 862 790 948 INDEX
816 863 1248 952 TITULORUM.

793 1100 874 1154 Acri
892 1101 1013 1155 siwom.

325 1215 467 1270 Officiales
478 1215 584 1282 Synodi

328 1449 464 1516 Legitime
476 1450 613 1504 Absentes
651 1489 1364 1507 .........
1442 1453 1475 1506 10

327 1565 466 1621 Professio
478 1567 640 1622 Catholicae
653 1568 736 1622 Fidei>

322 1684 464 1739 Officiales
477 1684 641 1740 Dioecesani

784 1901 1050 1956 consnwnones.

323 2019 439 2072 Titulus
512 2019 535 2073 1.
573 2019 617 2072 De
627 2019 740 2072 Clericis

628 2102 671 2156 De
683 2103 750 2156 Vita
762 2103 905 2168 spirituali

627 2186 671 2239 De
683 2187 814 2239 Parochis
826 2193 856 2240 et
868 2186 983 2240 Vicat-iis
1000 2223 1360 2241 .....
1437 2187 1473 2240 20

629 2271 673 2322 De
685 2269 791 2324 Studiis
803 2270 1004 2324 Ecclesiasticis
1090 2311 1097 2324 .
1178 2309 1186 2324 .
1266 2308 1274 2325 .
1354 2307 1363 2324 .
1438 2271 1471 2322 21

628 2353 672 2406 De
684 2353 779 2406 Rebus
792 2354 921 2408 Vitandis
1438 2355 1473 2406 22

379 2469 399 2495 ¹‘
497 2470 535 2524 11.
573 2471 617 2524 De
630 2471 867 2525 Associationibus
912 2507 1361 2526 ......
1437 2471 1472 2524 24

378 2586 398 2612 “
480 2587 536 2642 ΙΙΙ.
573 2587 616 2641 De
629 2587 814 2641 Sacramentis
826 2588 855 2640 in
867 2588 974 2642 Genera
1000 2625 1361 2643 .....
1437 2589 1472 2642 25

378 2703 398 2728 “
486 2704 535 2759 1v.
572 2683 958 2770 Desieramentossaptismi
1001 2741 1360 2760 .....
1437 2705 1473 2758 27

378 2821 398 2846 ⁴¹
501 2822 534 2876 V.
572 2822 616 2875 De
628 2822 808 2876 Sacramento
820 2821 1047 2876 Confirmationis
1088 2861 1096 2877 .
1176 2860 1184 2877 .
1264 2859 1272 2876 .
1352 2858 1361 2875 .
1436 2822 1472 2875 29

378 2938 398 2963 ⁴¹
485 2939 535 2993 VI.
572 2939 616 2992 De
627 2939 803 2992 Eucharistia
824 2976 1360 2994 .......
1436 2939 1470 2992 31

572 3022 664 3076 Sectio
681 3024 705 3088 1,
719 3023 763 3076 De
775 3022 914 3076 Sacrificio
926 3022 1031 3076 Missae
1089 3063 1095 3076 .
1177 3061 1184 3076 .
1264 3059 1272 3076 .
1352 3059 1360 3076 .
1437 3022 1471 3075 31

717 3106 761 3160 De
773 3106 925 3159 Missamm
937 3105 1127 3172 Eleemosynis
1177 3145 1184 3160 .
1265 3145 1272 3160 .
1352 3142 1361 3159 .
1437 3105 1472 3158 32

628 3188 644 3212 ‘⁸
679 3191 705 3254 2,
719 3189 763 3242 De
775 3189 861 3243 SSmo
872 3189 1064 3243 Euchan'stiae
1076 3189 1256 3242 Sacramenta
1353 3227 1360 3243 .
1436 3187 1471 3241 33

378 3303 398 3329 “
470 3305 535 3359 VII.
572 3305 616 3359 De
626 3305 806 3359 Sacramento
818 3305 1009 3359 Paenitentiae
1088 3344 1095 3359 .
1176 3344 1183 3360 .
1264 3343 1272 3359 .
1352 3343 1360 3358 .
1436 3305 1471 3358 35

627 3389 670 3442 De
682 3388 883 3454 Religiosamm
896 3388 1122 3442 Confessionibus
1176 3426 1183 3441 .
1264 3426 1271 3442 .
1352 3425 1359 3442 .
1436 3387 1471 3441 36

626 3472 670 3526 De
682 3472 801 3526 Casibus
813 3471 973 3526 Reservatis
1000 3508 1359 3525 .....
1433 3471 1471 3525 36

377 3588 396 3614 “
455 3589 536 3644 VIII.
573 3590 617 3642 De
629 3589 762 3642 Extrema
774 3589 912 3643 Unctione
924 3595 953 3642 et
966 3589 1041 3642 Cura
1054 3588 1270 3642 Infirmorum.
1351 3626 1358 3641 .
1435 3588 1471 3641 39

377 3705 395 3730 ⁴⁶
480 3707 533 3761 IX.
571 3706 806 3760 DeSacramento
818 3706 929 3760 Ordinis
1435 3704 1471 3758 40

376 3822 395 3847 “
495 3824 533 3878 Χ.
570 3823 614 3876 De
624 3822 808 3876 Matrimonia
823 3859 1358 3877 .......
1435 3821 1468 3874 41

625 3907 668 3960 De
681 3906 848 3960 Probatione
861 3906 958 3959 Status
971 3906 1062 3959 Liberi
1087 3945 1094 3960 .
1175 3945 1181 3959 .
1263 3943 1270 3958 .
1351 3943 1358 3958 .
1435 3905 1470 3957 42

625 3990 668 4042 De
681 3989 892 4054 Impedimentis
911 4027 1358 4044 ......
1435 3988 1469 4040 42

624 4073 668 4126 De
681 4073 781 4126 Forma
794 4073 893 4126 Valida
910 4109 1358 4127 ......
1434 4071 1469 4124 44

624 4157 668 4209 De
680 4157 781 4210 Forma
794 4157 883 4210 Licita
910 4194 1357 4211 ......
1433 4156 1469 4208 44

375 4271 394 4297 “
476 4273 529 4327 ΧΙ.
567 4274 610 4328 De
623 4273 752 4327 Ecclesiis
