<?xml version="1.0" encoding="UTF-8"?>
<!DOCTYPE html PUBLIC "-//W3C//DTD XHTML 1.0 Transitional//EN"
    "http://www.w3.org/TR/xhtml1/DTD/xhtml1-transitional.dtd">
<html xmlns="http://www.w3.org/1999/xhtml" xml:lang="en" lang="en">
 <head>
  <title>
</title>
<meta http-equiv="Content-Type" content="text/html;charset=utf-8" />
  <meta name='ocr-system' content='tesseract 3.04.00' />
  <meta name='ocr-capabilities' content='ocr_page ocr_carea ocr_par ocr_line ocrx_word'/>
</head>
<body>
  <div class='ocr_page' id='page_1' title='image "./constitutionesd00churgoog_0037.png"; bbox 0 0 3538 5190; ppageno 0'>
   <div class='ocr_carea' id='block_1_1' title="bbox 319 575 1157 638">
    <p class='ocr_par' dir='ltr' id='par_1_1' title="bbox 319 575 1157 638">
     <span class='ocr_line' id='line_1_1' title="bbox 319 575 1157 638; baseline 0 -2"><span class='ocrx_word' id='word_1_1' title='bbox 319 575 361 638; x_wconf 88' lang='grc'>26</span> <span class='ocrx_word' id='word_1_2' title='bbox 625 593 669 637; x_wconf 81' lang='lat' dir='ltr'>oa</span> <span class='ocrx_word' id='word_1_3' title='bbox 692 592 926 638; x_wconf 71' lang='lat' dir='ltr'>sncmnanms</span> <span class='ocrx_word' id='word_1_4' title='bbox 949 592 986 636; x_wconf 79' lang='lat' dir='ltr'>ln</span> <span class='ocrx_word' id='word_1_5' title='bbox 1009 592 1157 637; x_wconf 75' lang='lat' dir='ltr'>canaan.</span> 
     </span>
    </p>
   </div>
   <div class='ocr_carea' id='block_1_2' title="bbox 314 775 1465 969">
    <p class='ocr_par' dir='ltr' id='par_1_2' title="bbox 314 775 1465 969">
     <span class='ocr_line' id='line_1_2' title="bbox 315 775 1465 854; baseline 0 -16"><span class='ocrx_word' id='word_1_6' title='bbox 315 775 505 853; x_wconf 84' lang='lat' dir='ltr'>rumpendo</span> <span class='ocrx_word' id='word_1_7' title='bbox 550 775 583 837; x_wconf 90' lang='lat' dir='ltr'>Si</span> <span class='ocrx_word' id='word_1_8' title='bbox 606 775 769 852; x_wconf 84' lang='lat' dir='ltr'>quaedam</span> <span class='ocrx_word' id='word_1_9' title='bbox 791 775 902 852; x_wconf 74' lang='lat' dir='ltr'>lingua</span> <span class='ocrx_word' id='word_1_10' title='bbox 923 776 1098 838; x_wconf 86' lang='lat' dir='ltr'>vernacula</span> <span class='ocrx_word' id='word_1_11' title='bbox 1120 775 1254 837; x_wconf 84' lang='lat' dir='ltr'>reddere</span> <span class='ocrx_word' id='word_1_12' title='bbox 1277 775 1350 854; x_wconf 91' lang='lat' dir='ltr'>quis</span> <span class='ocrx_word' id='word_1_13' title='bbox 1373 776 1465 838; x_wconf 90' lang='lat' dir='ltr'>edifi-</span> 
     </span>
     <span class='ocr_line' id='line_1_3' title="bbox 314 891 1464 969; baseline 0 -15"><span class='ocrx_word' id='word_1_14' title='bbox 314 891 452 955; x_wconf 82' lang='lat' dir='ltr'><strong>cationis</strong></span> <span class='ocrx_word' id='word_1_15' title='bbox 476 911 574 954; x_wconf 87' lang='lat' dir='ltr'>oausa</span> <span class='ocrx_word' id='word_1_16' title='bbox 597 891 747 966; x_wconf 89' lang='lat' dir='ltr'>voluerit,</span> <span class='ocrx_word' id='word_1_17' title='bbox 772 891 834 954; x_wconf 94' lang='lat' dir='ltr'>hoc</span> <span class='ocrx_word' id='word_1_18' title='bbox 857 891 917 954; x_wconf 89' lang='lat' dir='ltr'>fiat</span> <span class='ocrx_word' id='word_1_19' title='bbox 940 899 1074 954; x_wconf 88' lang='lat' dir='ltr'>tantum</span> <span class='ocrx_word' id='word_1_20' title='bbox 1099 899 1173 969; x_wconf 87' lang='lat' dir='ltr'>post</span> <span class='ocrx_word' id='word_1_21' title='bbox 1197 892 1359 969; x_wconf 87' lang='lat' dir='ltr'>integram</span> <span class='ocrx_word' id='word_1_22' title='bbox 1384 893 1464 955; x_wconf 88' lang='lat' dir='ltr'>cele-</span> 
     </span>
    </p>
   </div>
   <div class='ocr_carea' id='block_1_3' title="bbox 313 1007 1464 1670">
    <p class='ocr_par' dir='ltr' id='par_1_3' title="bbox 313 1007 1464 1670">
     <span class='ocr_line' id='line_1_4' title="bbox 313 1007 1464 1087; baseline 0 -16"><span class='ocrx_word' id='word_1_23' title='bbox 313 1008 498 1071; x_wconf 90' lang='lat' dir='ltr'>brationem</span> <span class='ocrx_word' id='word_1_24' title='bbox 514 1008 606 1082; x_wconf 90' lang='lat' dir='ltr'>ritus,</span> <span class='ocrx_word' id='word_1_25' title='bbox 624 1008 735 1086; x_wconf 85' lang='lat' dir='ltr'>lingua</span> <span class='ocrx_word' id='word_1_26' title='bbox 752 1007 872 1070; x_wconf 90' lang='lat' dir='ltr'>scilicet</span> <span class='ocrx_word' id='word_1_27' title='bbox 898 1008 1011 1082; x_wconf 87' lang='lat' dir='ltr'>latina,</span> <span class='ocrx_word' id='word_1_28' title='bbox 1029 1016 1127 1086; x_wconf 92' lang='lat' dir='ltr'>prout</span> <span class='ocrx_word' id='word_1_29' title='bbox 1144 1008 1179 1070; x_wconf 93' lang='lat' dir='ltr'>in</span> <span class='ocrx_word' id='word_1_30' title='bbox 1195 1008 1322 1071; x_wconf 88' lang='lat' dir='ltr'>Rituali</span> <span class='ocrx_word' id='word_1_31' title='bbox 1346 1009 1464 1087; x_wconf 89' lang='lat' dir='ltr'>reperi-</span> 
     </span>
     <span class='ocr_line' id='line_1_5' title="bbox 314 1109 1463 1203; baseline -0.003 -14"><span class='ocrx_word' id='word_1_32' title='bbox 314 1133 378 1189; x_wconf 85' lang='lat' dir='ltr'><strong>tur.</strong></span> <span class='ocrx_word' id='word_1_33' title='bbox 423 1125 463 1187; x_wconf 91' lang='lat' dir='ltr'>In</span> <span class='ocrx_word' id='word_1_34' title='bbox 477 1124 642 1203; x_wconf 88' lang='lat' dir='ltr'>baptismo</span> <span class='ocrx_word' id='word_1_35' title='bbox 657 1109 770 1186; x_wconf 91' lang='lat' dir='ltr'>tamen</span> <span class='ocrx_word' id='word_1_36' title='bbox 784 1124 859 1186; x_wconf 90' lang='lat' dir='ltr'>licet</span> <span class='ocrx_word' id='word_1_37' title='bbox 874 1124 985 1202; x_wconf 87' lang='lat' dir='ltr'>lingua</span> <span class='ocrx_word' id='word_1_38' title='bbox 999 1124 1126 1202; x_wconf 87' lang='lat' dir='ltr'>vulgari</span> <span class='ocrx_word' id='word_1_39' title='bbox 1141 1125 1191 1187; x_wconf 89' lang='lat' dir='ltr'>uti</span> <span class='ocrx_word' id='word_1_40' title='bbox 1216 1124 1252 1186; x_wconf 93' lang='lat' dir='ltr'>in</span> <span class='ocrx_word' id='word_1_41' title='bbox 1266 1124 1463 1202; x_wconf 87' lang='lat' dir='ltr'>quaestioni-</span> 
     </span>
     <span class='ocr_line' id='line_1_6' title="bbox 313 1234 1461 1319; baseline 0 -15"><span class='ocrx_word' id='word_1_42' title='bbox 313 1243 376 1304; x_wconf 90' lang='lat' dir='ltr'>bus</span> <span class='ocrx_word' id='word_1_43' title='bbox 401 1250 435 1304; x_wconf 90' lang='lat' dir='ltr'>et</span> <span class='ocrx_word' id='word_1_44' title='bbox 461 1242 621 1319; x_wconf 86' lang='lat' dir='ltr'>responsis</span> <span class='ocrx_word' id='word_1_45' title='bbox 648 1241 769 1319; x_wconf 89' lang='lat' dir='ltr'>patrini</span> <span class='ocrx_word' id='word_1_46' title='bbox 794 1243 847 1304; x_wconf 92' lang='lat' dir='ltr'>vel</span> <span class='ocrx_word' id='word_1_47' title='bbox 873 1242 1043 1316; x_wconf 87' lang='lat' dir='ltr'>matrinae,</span> <span class='ocrx_word' id='word_1_48' title='bbox 1072 1241 1099 1304; x_wconf 91' lang='lat' dir='ltr'>si</span> <span class='ocrx_word' id='word_1_49' title='bbox 1125 1241 1240 1304; x_wconf 90' lang='lat' dir='ltr'>eadem</span> <span class='ocrx_word' id='word_1_50' title='bbox 1265 1262 1286 1304; x_wconf 93' lang='lat' dir='ltr'>a</span> <span class='ocrx_word' id='word_1_51' title='bbox 1310 1234 1461 1304; x_wconf 82' lang='lat' dir='ltr'>ministr&#39;o</span> 
     </span>
     <span class='ocr_line' id='line_1_7' title="bbox 314 1355 1463 1437; baseline 0.001 -17"><span class='ocrx_word' id='word_1_52' title='bbox 314 1359 403 1437; x_wconf 90' lang='lat' dir='ltr'>pn&#39;us</span> <span class='ocrx_word' id='word_1_53' title='bbox 417 1378 563 1420; x_wconf 87' lang='lat' dir='ltr'>sermone</span> <span class='ocrx_word' id='word_1_54' title='bbox 579 1358 682 1420; x_wconf 87' lang='lat' dir='ltr'>latino</span> <span class='ocrx_word' id='word_1_55' title='bbox 699 1357 876 1420; x_wconf 78' lang='lat' dir='ltr'>recitentur</span> <span class='ocrx_word' id='word_1_56' title='bbox 892 1355 1022 1433; x_wconf 87' lang='lat' dir='ltr'><strong>(S.R.C.</strong></span> <span class='ocrx_word' id='word_1_57' title='bbox 1037 1360 1056 1420; x_wconf 88' lang='lat'><strong><em>5</em></strong></span> <span class='ocrx_word' id='word_1_58' title='bbox 1076 1359 1177 1420; x_wconf 88' lang='lat' dir='ltr'>Mart.</span> <span class='ocrx_word' id='word_1_59' title='bbox 1196 1356 1304 1434; x_wconf 83' lang='lat'>1904);</span> <span class='ocrx_word' id='word_1_60' title='bbox 1329 1359 1463 1422; x_wconf 91' lang='lat' dir='ltr'>Rituale</span> 
     </span>
     <span class='ocr_line' id='line_1_8' title="bbox 314 1474 1462 1552; baseline 0 -15"><span class='ocrx_word' id='word_1_61' title='bbox 314 1496 392 1538; x_wconf 93' lang='lat' dir='ltr'>vero</span> <span class='ocrx_word' id='word_1_62' title='bbox 408 1474 502 1552; x_wconf 83' lang='lat' dir='ltr'>jubet</span> <span class='ocrx_word' id='word_1_63' title='bbox 520 1493 654 1551; x_wconf 91' lang='lat' dir='ltr'>sponsos</span> <span class='ocrx_word' id='word_1_64' title='bbox 671 1475 706 1536; x_wconf 97' lang='lat' dir='ltr'>in</span> <span class='ocrx_word' id='word_1_65' title='bbox 722 1475 922 1536; x_wconf 75' lang='lat' dir='ltr'>matrimonii</span> <span class='ocrx_word' id='word_1_66' title='bbox 940 1474 1156 1537; x_wconf 82' lang='lat' dir='ltr'>celebratione</span> <span class='ocrx_word' id='word_1_67' title='bbox 1167 1475 1296 1552; x_wconf 86' lang='lat' dir='ltr'>vulgari</span> <span class='ocrx_word' id='word_1_68' title='bbox 1315 1494 1462 1538; x_wconf 87' lang='lat' dir='ltr'>sermone</span> 
     </span>
     <span class='ocr_line' id='line_1_9' title="bbox 314 1589 1319 1670; baseline 0 -16"><span class='ocrx_word' id='word_1_69' title='bbox 314 1592 356 1654; x_wconf 93' lang='lat' dir='ltr'>de</span> <span class='ocrx_word' id='word_1_70' title='bbox 372 1611 530 1654; x_wconf 89' lang='lat' dir='ltr'>consensu</span> <span class='ocrx_word' id='word_1_71' title='bbox 547 1591 746 1668; x_wconf 85' lang='lat' dir='ltr'>interrogari.</span> <span class='ocrx_word' id='word_1_72' title='bbox 794 1589 884 1670; x_wconf 86' lang='lat' dir='ltr'>(Syn.</span> <span class='ocrx_word' id='word_1_73' title='bbox 904 1591 961 1666; x_wconf 89' lang='lat' dir='ltr'><strong>II.,</strong></span> <span class='ocrx_word' id='word_1_74' title='bbox 981 1591 1031 1664; x_wconf 87' lang='grc'>47,</span> <span class='ocrx_word' id='word_1_75' title='bbox 1049 1592 1104 1668; x_wconf 87' lang='grc'>48;</span> <span class='ocrx_word' id='word_1_76' title='bbox 1132 1591 1213 1653; x_wconf 90' lang='lat' dir='ltr'>Can.</span> <span class='ocrx_word' id='word_1_77' title='bbox 1234 1590 1319 1668; x_wconf 88' lang='grc'>733.)</span> 
     </span>
    </p>
   </div>
   <div class='ocr_carea' id='block_1_4' title="bbox 313 1770 1461 2549">
    <p class='ocr_par' dir='ltr' id='par_1_4' title="bbox 313 1770 1461 2549">
     <span class='ocr_line' id='line_1_10' title="bbox 356 1770 1461 1851; baseline -0.002 -13"><span class='ocrx_word' id='word_1_78' title='bbox 356 1777 406 1838; x_wconf 89' lang='grc'>31.</span> <span class='ocrx_word' id='word_1_79' title='bbox 451 1773 589 1851; x_wconf 81' lang='lat' dir='ltr'>Quando</span> <span class='ocrx_word' id='word_1_80' title='bbox 632 1782 845 1847; x_wconf 87' lang='lat' dir='ltr'>sacramenta,</span> <span class='ocrx_word' id='word_1_81' title='bbox 870 1770 942 1849; x_wconf 63' lang='lat' dir='ltr'>,(ne</span> <span class='ocrx_word' id='word_1_82' title='bbox 984 1780 1187 1836; x_wconf 87' lang='lat' dir='ltr'>sacramento</span> <span class='ocrx_word' id='word_1_83' title='bbox 1240 1773 1461 1851; x_wconf 89' lang='lat' dir='ltr'>poenitentiae</span> 
     </span>
     <span class='ocr_line' id='line_1_11' title="bbox 314 1888 1459 1971; baseline -0.002 -18"><span class='ocrx_word' id='word_1_84' title='bbox 314 1891 446 1971; x_wconf 90' lang='lat' dir='ltr'>quidem</span> <span class='ocrx_word' id='word_1_85' title='bbox 457 1888 604 1968; x_wconf 86' lang='lat' dir='ltr'>excepto)</span> <span class='ocrx_word' id='word_1_86' title='bbox 620 1890 655 1951; x_wconf 93' lang='lat' dir='ltr'>in</span> <span class='ocrx_word' id='word_1_87' title='bbox 665 1890 814 1964; x_wconf 86' lang='lat' dir='ltr'>ecclesiis,</span> <span class='ocrx_word' id='word_1_88' title='bbox 827 1897 884 1952; x_wconf 89' lang='lat' dir='ltr'>aut</span> <span class='ocrx_word' id='word_1_89' title='bbox 900 1890 935 1951; x_wconf 92' lang='lat' dir='ltr'>in</span> <span class='ocrx_word' id='word_1_90' title='bbox 947 1889 1118 1967; x_wconf 87' lang='lat' dir='ltr'>paroeciali</span> <span class='ocrx_word' id='word_1_91' title='bbox 1130 1889 1228 1952; x_wconf 92' lang='lat' dir='ltr'>domo</span> <span class='ocrx_word' id='word_1_92' title='bbox 1239 1889 1459 1966; x_wconf 77' lang='lat' dir='ltr'>conienmtur,</span> 
     </span>
     <span class='ocr_line' id='line_1_12' title="bbox 313 1987 1460 2084; baseline -0.001 -15"><span class='ocrx_word' id='word_1_93' title='bbox 313 2008 464 2070; x_wconf 91' lang='lat' dir='ltr'>volumus</span> <span class='ocrx_word' id='word_1_94' title='bbox 489 2015 528 2069; x_wconf 92' lang='lat' dir='ltr'>ut</span> <span class='ocrx_word' id='word_1_95' title='bbox 553 2006 655 2068; x_wconf 90' lang='lat' dir='ltr'>vestis</span> <span class='ocrx_word' id='word_1_96' title='bbox 680 2006 793 2068; x_wconf 90' lang='lat' dir='ltr'>talaris</span> <span class='ocrx_word' id='word_1_97' title='bbox 818 2014 851 2068; x_wconf 92' lang='lat' dir='ltr'>et</span> <span class='ocrx_word' id='word_1_98' title='bbox 878 1987 1144 2084; x_wconf 86' lang='lat' dir='ltr'>superpelliceum</span> <span class='ocrx_word' id='word_1_99' title='bbox 1170 2006 1396 2080; x_wconf 87' lang='lat' dir='ltr'>adhibeantur,</span> <span class='ocrx_word' id='word_1_100' title='bbox 1426 2014 1460 2068; x_wconf 91' lang='lat' dir='ltr'>et</span> 
     </span>
     <span class='ocr_line' id='line_1_13' title="bbox 313 2121 1458 2202; baseline -0.002 -16"><span class='ocrx_word' id='word_1_101' title='bbox 313 2125 451 2202; x_wconf 89' lang='lat' dir='ltr'>desuper</span> <span class='ocrx_word' id='word_1_102' title='bbox 479 2124 563 2186; x_wconf 89' lang='lat' dir='ltr'>stola</span> <span class='ocrx_word' id='word_1_103' title='bbox 592 2123 663 2200; x_wconf 85' lang='lat' dir='ltr'>ejus</span> <span class='ocrx_word' id='word_1_104' title='bbox 691 2123 805 2185; x_wconf 89' lang='lat' dir='ltr'>coloris</span> <span class='ocrx_word' id='word_1_105' title='bbox 834 2142 933 2201; x_wconf 89' lang='lat' dir='ltr'>quem</span> <span class='ocrx_word' id='word_1_106' title='bbox 961 2123 1163 2184; x_wconf 84' lang='lat' dir='ltr'>Sacramenti</span> <span class='ocrx_word' id='word_1_107' title='bbox 1191 2121 1274 2184; x_wconf 89' lang='lat' dir='ltr'>ritus</span> <span class='ocrx_word' id='word_1_108' title='bbox 1303 2122 1458 2200; x_wconf 85' lang='lat' dir='ltr'>exposcit.</span> 
     </span>
     <span class='ocr_line' id='line_1_14' title="bbox 313 2238 1460 2317; baseline -0.003 -14"><span class='ocrx_word' id='word_1_109' title='bbox 313 2241 439 2303; x_wconf 87' lang='lat' dir='ltr'>Eadem</span> <span class='ocrx_word' id='word_1_110' title='bbox 463 2259 554 2302; x_wconf 89' lang='lat' dir='ltr'>sacra</span> <span class='ocrx_word' id='word_1_111' title='bbox 577 2239 779 2313; x_wconf 88' lang='lat' dir='ltr'>indumenta,</span> <span class='ocrx_word' id='word_1_112' title='bbox 806 2246 969 2317; x_wconf 92' lang='lat' dir='ltr'>quantum</span> <span class='ocrx_word' id='word_1_113' title='bbox 992 2239 1060 2301; x_wconf 91' lang='lat' dir='ltr'>fieri</span> <span class='ocrx_word' id='word_1_114' title='bbox 1085 2239 1215 2316; x_wconf 85' lang='lat' dir='ltr'>poterit,</span> <span class='ocrx_word' id='word_1_115' title='bbox 1241 2238 1460 2301; x_wconf 88' lang='lat' dir='ltr'>adhibeantur</span> 
     </span>
     <span class='ocr_line' id='line_1_15' title="bbox 314 2355 1459 2436; baseline -0.002 -16"><span class='ocrx_word' id='word_1_116' title='bbox 314 2357 446 2436; x_wconf 91' lang='lat' dir='ltr'>quando</span> <span class='ocrx_word' id='word_1_117' title='bbox 473 2356 509 2418; x_wconf 92' lang='lat' dir='ltr'>in</span> <span class='ocrx_word' id='word_1_118' title='bbox 535 2356 670 2418; x_wconf 85' lang='lat' dir='ltr'>aedibus</span> <span class='ocrx_word' id='word_1_119' title='bbox 698 2356 835 2434; x_wconf 86' lang='lat' dir='ltr'>privatis</span> <span class='ocrx_word' id='word_1_120' title='bbox 864 2363 1069 2418; x_wconf 87' lang='lat' dir='ltr'>sacramenta</span> <span class='ocrx_word' id='word_1_121' title='bbox 1094 2355 1313 2418; x_wconf 84' lang='lat' dir='ltr'>conferuntur.</span> <span class='ocrx_word' id='word_1_122' title='bbox 1368 2355 1459 2418; x_wconf 86' lang='lat' dir='ltr'>Stola</span> 
     </span>
     <span class='ocr_line' id='line_1_16' title="bbox 313 2470 1457 2549; baseline -0.003 -13"><span class='ocrx_word' id='word_1_123' title='bbox 313 2474 430 2536; x_wconf 89' lang='lat' dir='ltr'>saltem</span> <span class='ocrx_word' id='word_1_124' title='bbox 450 2472 540 2536; x_wconf 91' lang='lat' dir='ltr'>omni</span> <span class='ocrx_word' id='word_1_125' title='bbox 560 2473 595 2534; x_wconf 95' lang='lat' dir='ltr'>in</span> <span class='ocrx_word' id='word_1_126' title='bbox 617 2492 694 2535; x_wconf 90' lang='lat' dir='ltr'>casu</span> <span class='ocrx_word' id='word_1_127' title='bbox 715 2472 888 2546; x_wconf 84' lang='lat' dir='ltr'>deferatur,</span> <span class='ocrx_word' id='word_1_128' title='bbox 911 2471 973 2534; x_wconf 92' lang='lat' dir='ltr'>nisi</span> <span class='ocrx_word' id='word_1_129' title='bbox 994 2471 1169 2534; x_wconf 89' lang='lat' dir='ltr'>necessitas</span> <span class='ocrx_word' id='word_1_130' title='bbox 1190 2470 1225 2533; x_wconf 92' lang='lat' dir='ltr'>id</span> <span class='ocrx_word' id='word_1_131' title='bbox 1241 2491 1376 2549; x_wconf 86' lang='lat' dir='ltr'>prorsus</span> <span class='ocrx_word' id='word_1_132' title='bbox 1396 2471 1457 2533; x_wconf 92' lang='lat' dir='ltr'>im-</span> 
     </span>
    </p>
   </div>
   <div class='ocr_carea' id='block_1_5' title="bbox 314 2586 941 2668">
    <p class='ocr_par' dir='ltr' id='par_1_5' title="bbox 314 2586 941 2668">
     <span class='ocr_line' id='line_1_17' title="bbox 314 2586 941 2668; baseline 0.002 -17"><span class='ocrx_word' id='word_1_133' title='bbox 314 2590 434 2668; x_wconf 91' lang='lat' dir='ltr'>pediat.</span> <span class='ocrx_word' id='word_1_134' title='bbox 482 2586 722 2668; x_wconf 84' lang='lat' dir='ltr'>(syn.11.,49;</span> <span class='ocrx_word' id='word_1_135' title='bbox 749 2587 830 2651; x_wconf 89' lang='lat' dir='ltr'>Can.</span> <span class='ocrx_word' id='word_1_136' title='bbox 856 2587 941 2665; x_wconf 88' lang='grc'>733.)</span> 
     </span>
    </p>
   </div>
   <div class='ocr_carea' id='block_1_6' title="bbox 313 2761 1460 3191">
    <p class='ocr_par' dir='ltr' id='par_1_6' title="bbox 313 2761 1460 3191">
     <span class='ocr_line' id='line_1_18' title="bbox 356 2761 1459 2839; baseline -0.002 -14"><span class='ocrx_word' id='word_1_137' title='bbox 356 2765 405 2826; x_wconf 87' lang='grc'>32.</span> <span class='ocrx_word' id='word_1_138' title='bbox 450 2762 558 2839; x_wconf 84' lang='lat' dir='ltr'>Quum</span> <span class='ocrx_word' id='word_1_139' title='bbox 581 2761 691 2824; x_wconf 91' lang='lat' dir='ltr'>omnia</span> <span class='ocrx_word' id='word_1_140' title='bbox 713 2763 892 2824; x_wconf 78' lang='lat' dir='ltr'>secimdum</span> <span class='ocrx_word' id='word_1_141' title='bbox 914 2761 1060 2825; x_wconf 89' lang='lat' dir='ltr'>ordinem</span> <span class='ocrx_word' id='word_1_142' title='bbox 1082 2761 1152 2824; x_wconf 89' lang='lat' dir='ltr'>fieri</span> <span class='ocrx_word' id='word_1_143' title='bbox 1175 2761 1326 2835; x_wconf 88' lang='lat' dir='ltr'>debeant,</span> <span class='ocrx_word' id='word_1_144' title='bbox 1350 2762 1459 2823; x_wconf 88' lang='lat' dir='ltr'>nullus</span> 
     </span>
     <span class='ocr_line' id='line_1_19' title="bbox 313 2877 1460 2956; baseline -0.001 -13"><span class='ocrx_word' id='word_1_145' title='bbox 313 2879 470 2953; x_wconf 87' lang='lat' dir='ltr'>sacerdos,</span> <span class='ocrx_word' id='word_1_146' title='bbox 489 2877 550 2940; x_wconf 93' lang='lat' dir='ltr'>nisi</span> <span class='ocrx_word' id='word_1_147' title='bbox 576 2886 690 2955; x_wconf 88' lang='lat' dir='ltr'>urgeat</span> <span class='ocrx_word' id='word_1_148' title='bbox 716 2879 899 2953; x_wconf 71' lang='lat' dir='ltr'>necessitas</span> <span class='ocrx_word' id='word_1_149' title='bbox 926 2886 1017 2941; x_wconf 87' lang='lat' dir='ltr'>extra</span> <span class='ocrx_word' id='word_1_150' title='bbox 1043 2879 1163 2940; x_wconf 90' lang='lat' dir='ltr'>limites</span> <span class='ocrx_word' id='word_1_151' title='bbox 1188 2877 1356 2956; x_wconf 87' lang='lat' dir='ltr'>paroeciae</span> <span class='ocrx_word' id='word_1_152' title='bbox 1382 2898 1460 2942; x_wconf 86' lang='lat' dir='ltr'>suae</span> 
     </span>
     <span class='ocr_line' id='line_1_20' title="bbox 313 2994 1458 3074; baseline -0.003 -14"><span class='ocrx_word' id='word_1_153' title='bbox 313 3002 525 3070; x_wconf 87' lang='lat' dir='ltr'>sacramenta,</span> <span class='ocrx_word' id='word_1_154' title='bbox 569 2994 770 3072; x_wconf 89' lang='lat' dir='ltr'>poenitentia</span> <span class='ocrx_word' id='word_1_155' title='bbox 811 3003 955 3074; x_wconf 86' lang='lat' dir='ltr'>excepta,</span> <span class='ocrx_word' id='word_1_156' title='bbox 999 2995 1225 3058; x_wconf 85' lang='lat' dir='ltr'>administrare</span> <span class='ocrx_word' id='word_1_157' title='bbox 1271 3002 1458 3072; x_wconf 87' lang='lat' dir='ltr'>praesumat</span> 
     </span>
     <span class='ocr_line' id='line_1_21' title="bbox 313 3108 1457 3191; baseline -0.001 -16"><span class='ocrx_word' id='word_1_158' title='bbox 313 3113 436 3191; x_wconf 88' lang='lat' dir='ltr'>absque</span> <span class='ocrx_word' id='word_1_159' title='bbox 454 3110 586 3191; x_wconf 88' lang='lat' dir='ltr'>parochi</span> <span class='ocrx_word' id='word_1_160' title='bbox 612 3111 673 3174; x_wconf 93' lang='lat' dir='ltr'>loci</span> <span class='ocrx_word' id='word_1_161' title='bbox 693 3119 751 3173; x_wconf 90' lang='lat' dir='ltr'>aut</span> <span class='ocrx_word' id='word_1_162' title='bbox 778 3111 900 3175; x_wconf 90' lang='lat' dir='ltr'>Nostra</span> <span class='ocrx_word' id='word_1_163' title='bbox 922 3112 1051 3190; x_wconf 89' lang='lat' dir='ltr'>speciali</span> <span class='ocrx_word' id='word_1_164' title='bbox 1082 3111 1222 3174; x_wconf 91' lang='lat' dir='ltr'>licentia.</span> <span class='ocrx_word' id='word_1_165' title='bbox 1279 3108 1369 3190; x_wconf 86' lang='lat' dir='ltr'>(Syn.</span> <span class='ocrx_word' id='word_1_166' title='bbox 1401 3112 1457 3185; x_wconf 78' lang='lat'>11..</span> 
     </span>
    </p>
   </div>
   <div class='ocr_carea' id='block_1_7' title="bbox 313 3226 774 3305">
    <p class='ocr_par' dir='ltr' id='par_1_7' title="bbox 313 3226 774 3305">
     <span class='ocr_line' id='line_1_22' title="bbox 313 3226 774 3305; baseline -0.002 -14"><span class='ocrx_word' id='word_1_167' title='bbox 313 3231 368 3305; x_wconf 87' lang='lat'>45;</span> <span class='ocrx_word' id='word_1_168' title='bbox 395 3228 475 3291; x_wconf 91' lang='lat' dir='ltr'>Can.</span> <span class='ocrx_word' id='word_1_169' title='bbox 500 3229 570 3302; x_wconf 88' lang='lat'><strong>738,</strong></span> <span class='ocrx_word' id='word_1_170' title='bbox 594 3229 663 3300; x_wconf 88' lang='grc'>739,</span> <span class='ocrx_word' id='word_1_171' title='bbox 688 3226 774 3304; x_wconf 87' lang='grc'>938.)</span> 
     </span>
    </p>
   </div>
   <div class='ocr_carea' id='block_1_8' title="bbox 311 3399 1458 3942">
    <p class='ocr_par' dir='ltr' id='par_1_8' title="bbox 311 3399 1458 3942">
     <span class='ocr_line' id='line_1_23' title="bbox 354 3399 1458 3478; baseline -0.001 -15"><span class='ocrx_word' id='word_1_172' title='bbox 354 3402 404 3463; x_wconf 88' lang='grc'>33.</span> <span class='ocrx_word' id='word_1_173' title='bbox 449 3399 598 3462; x_wconf 88' lang='lat' dir='ltr'>Caveant</span> <span class='ocrx_word' id='word_1_174' title='bbox 632 3402 816 3464; x_wconf 87' lang='lat' dir='ltr'>sacerdotes</span> <span class='ocrx_word' id='word_1_175' title='bbox 849 3420 891 3462; x_wconf 94' lang='lat' dir='ltr'>ne</span> <span class='ocrx_word' id='word_1_176' title='bbox 925 3400 1048 3478; x_wconf 88' lang='lat' dir='ltr'>aliquid</span> <span class='ocrx_word' id='word_1_177' title='bbox 1082 3420 1103 3462; x_wconf 93' lang='lat' dir='ltr'>a</span> <span class='ocrx_word' id='word_1_178' title='bbox 1136 3399 1286 3462; x_wconf 88' lang='lat' dir='ltr'>fidelibus</span> <span class='ocrx_word' id='word_1_179' title='bbox 1328 3400 1458 3478; x_wconf 87' lang='lat' dir='ltr'>exigant</span> 
     </span>
     <span class='ocr_line' id='line_1_24' title="bbox 312 3516 1458 3591; baseline 0 -12"><span class='ocrx_word' id='word_1_180' title='bbox 312 3517 480 3579; x_wconf 89' lang='lat' dir='ltr'>occasione</span> <span class='ocrx_word' id='word_1_181' title='bbox 516 3517 717 3580; x_wconf 90' lang='lat' dir='ltr'>Sacramenti</span> <span class='ocrx_word' id='word_1_182' title='bbox 754 3517 1004 3581; x_wconf 88' lang='lat' dir='ltr'>administrandi</span> <span class='ocrx_word' id='word_1_183' title='bbox 1039 3517 1093 3578; x_wconf 90' lang='lat' dir='ltr'>vel</span> <span class='ocrx_word' id='word_1_184' title='bbox 1129 3516 1359 3591; x_wconf 87' lang='lat' dir='ltr'>administrati,</span> <span class='ocrx_word' id='word_1_185' title='bbox 1399 3524 1458 3579; x_wconf 87' lang='lat' dir='ltr'>aut</span> 
     </span>
     <span class='ocr_line' id='line_1_25' title="bbox 312 3632 1458 3712; baseline 0.001 -17"><span class='ocrx_word' id='word_1_186' title='bbox 312 3633 436 3712; x_wconf 90' lang='lat' dir='ltr'>aliquid</span> <span class='ocrx_word' id='word_1_187' title='bbox 451 3653 489 3695; x_wconf 90' lang='lat' dir='ltr'>ea</span> <span class='ocrx_word' id='word_1_188' title='bbox 504 3634 545 3696; x_wconf 92' lang='lat' dir='ltr'>de</span> <span class='ocrx_word' id='word_1_189' title='bbox 558 3654 593 3696; x_wconf 93' lang='lat' dir='ltr'>re</span> <span class='ocrx_word' id='word_1_190' title='bbox 607 3635 823 3712; x_wconf 89' lang='lat' dir='ltr'>paciscantur.</span> <span class='ocrx_word' id='word_1_191' title='bbox 867 3632 1043 3695; x_wconf 88' lang='lat' dir='ltr'>Caeterum</span> <span class='ocrx_word' id='word_1_192' title='bbox 1057 3634 1146 3695; x_wconf 84' lang='lat' dir='ltr'>nullo</span> <span class='ocrx_word' id='word_1_193' title='bbox 1162 3640 1261 3711; x_wconf 87' lang='lat' dir='ltr'>pacto</span> <span class='ocrx_word' id='word_1_194' title='bbox 1275 3633 1458 3696; x_wconf 91' lang='lat' dir='ltr'>inhibemus</span> 
     </span>
     <span class='ocr_line' id='line_1_26' title="bbox 311 3747 1458 3829; baseline 0.001 -18"><span class='ocrx_word' id='word_1_195' title='bbox 311 3770 354 3812; x_wconf 88' lang='lat' dir='ltr'>ne</span> <span class='ocrx_word' id='word_1_196' title='bbox 374 3750 533 3829; x_wconf 90' lang='lat' dir='ltr'>parochus</span> <span class='ocrx_word' id='word_1_197' title='bbox 550 3751 685 3829; x_wconf 89' lang='lat' dir='ltr'>recipiat</span> <span class='ocrx_word' id='word_1_198' title='bbox 703 3747 787 3828; x_wconf 90' lang='lat' dir='ltr'>quae</span> <span class='ocrx_word' id='word_1_199' title='bbox 804 3759 921 3828; x_wconf 92' lang='lat' dir='ltr'>sponte</span> <span class='ocrx_word' id='word_1_200' title='bbox 936 3749 1078 3812; x_wconf 83' lang='lat' dir='ltr'>offerunt</span> <span class='ocrx_word' id='word_1_201' title='bbox 1094 3748 1215 3824; x_wconf 73' lang='lat' dir='ltr'>fideles</span> <span class='ocrx_word' id='word_1_202' title='bbox 1234 3750 1329 3827; x_wconf 86' lang='lat' dir='ltr'>juxta</span> <span class='ocrx_word' id='word_1_203' title='bbox 1345 3750 1458 3812; x_wconf 89' lang='lat' dir='ltr'>lauda-</span> 
     </span>
     <span class='ocr_line' id='line_1_27' title="bbox 311 3866 1455 3942; baseline -0.002 -12"><span class='ocrx_word' id='word_1_204' title='bbox 311 3867 410 3930; x_wconf 90' lang='lat' dir='ltr'>bilem</span> <span class='ocrx_word' id='word_1_205' title='bbox 422 3867 698 3940; x_wconf 82' lang='lat' dir='ltr'>consuetudinem</span> <span class='ocrx_word' id='word_1_206' title='bbox 712 3867 746 3929; x_wconf 93' lang='lat' dir='ltr'>in</span> <span class='ocrx_word' id='word_1_207' title='bbox 757 3886 921 3929; x_wconf 89' lang='lat' dir='ltr'>sacrorum</span> <span class='ocrx_word' id='word_1_208' title='bbox 931 3866 1155 3929; x_wconf 88' lang='lat' dir='ltr'>ministrorum</span> <span class='ocrx_word' id='word_1_209' title='bbox 1173 3867 1455 3942; x_wconf 88' lang='lat' dir='ltr'>sustentationem,</span> 
     </span>
    </p>
   </div>
   <div class='ocr_carea' id='block_1_9' title="bbox 311 3980 1456 4176">
    <p class='ocr_par' dir='ltr' id='par_1_9' title="bbox 311 3980 1456 4176">
     <span class='ocr_line' id='line_1_28' title="bbox 311 3980 1456 4062; baseline 0.001 -16"><span class='ocrx_word' id='word_1_210' title='bbox 311 3983 480 4046; x_wconf 87' lang='lat' dir='ltr'>occasione</span> <span class='ocrx_word' id='word_1_211' title='bbox 497 3983 698 4045; x_wconf 91' lang='lat' dir='ltr'>matrimonii</span> <span class='ocrx_word' id='word_1_212' title='bbox 718 3982 871 4046; x_wconf 88' lang='lat' dir='ltr'>celebrati</span> <span class='ocrx_word' id='word_1_213' title='bbox 887 3983 941 4045; x_wconf 88' lang='lat' dir='ltr'>vel</span> <span class='ocrx_word' id='word_1_214' title='bbox 960 3983 1117 4060; x_wconf 86' lang='lat' dir='ltr'>baptismi</span> <span class='ocrx_word' id='word_1_215' title='bbox 1138 3982 1257 4046; x_wconf 88' lang='lat' dir='ltr'>collati.</span> <span class='ocrx_word' id='word_1_216' title='bbox 1305 3980 1396 4062; x_wconf 87' lang='lat' dir='ltr'>(Syn.</span> <span class='ocrx_word' id='word_1_217' title='bbox 1416 3985 1456 4060; x_wconf 88' lang='lat'>1.,</span> 
     </span>
     <span class='ocr_line' id='line_1_29' title="bbox 315 4098 581 4176; baseline -0.004 -13"><span class='ocrx_word' id='word_1_218' title='bbox 315 4100 367 4176; x_wconf 84' lang='lat'>17;</span> <span class='ocrx_word' id='word_1_219' title='bbox 393 4098 475 4160; x_wconf 90' lang='lat' dir='ltr'>Can.</span> <span class='ocrx_word' id='word_1_220' title='bbox 496 4098 581 4176; x_wconf 87' lang='grc'>736.)</span> 
     </span>
    </p>
   </div>
   <div class='ocr_carea' id='block_1_10' title="bbox 0 0 1774 5190">
    <p class='ocr_par' dir='ltr' id='par_1_10' title="bbox 0 0 1774 5190">
     <span class='ocr_line' id='line_1_30' title="bbox 0 0 1774 5190; baseline 0 1"><span class='ocrx_word' id='word_1_221' title='bbox 0 0 1774 5190; x_wconf 95' lang='lat' dir='ltr'> </span> 
     </span>
    </p>
   </div>
  </div>
 </body>
</html>
