3538 5190
688 576 987 622 cousrrrnrronns
1370 559 1411 623 39

304 760 355 823 78.
399 757 597 822 Conlessarii
637 758 850 836 prohibentur
891 757 1065 836 quominus
1106 777 1127 820 a
1167 756 1411 835 poenitentibus

263 874 453 955 quidquam,
491 883 652 955 tanquam
686 874 856 941 ministecii
892 874 942 936 sui
977 873 1168 952 praemium,
1206 881 1322 952 petant
1358 873 1412 936 vel

262 991 434 1070 accipiant.
479 991 591 1054 Etiam
613 991 701 1054 ultro
726 1010 932 1070 quocumque
955 975 1088 1053 nomine
1111 989 1224 1053 oblata
1247 997 1408 1064 recusent,

262 1127 322 1170 nec
346 1108 400 1170 vel
425 1107 530 1186 ipsam
556 1107 680 1170 Missae
713 1106 953 1185 eleemosynam
977 1106 1012 1168 in
1037 1107 1099 1169 hoc
1125 1125 1216 1169 sacro
1252 1105 1410 1169 tribunali

263 1224 371 1288 offerri
389 1224 508 1287 sinant.
555 1221 646 1302 (Syn.
665 1217 717 1302 V„
737 1221 803 1300 69.)

666 1509 873 1578 Tl'l'ULUS
902 1509 1007 1578 vlu.

336 1665 398 1734 De
422 1666 615 1734 Extremo
639 1666 842 1736 Unctlono
866 1674 907 1735 et
931 1665 1042 1735 Cura
1066 1664 1342 1734 lnllrmorum.

307 1819 357 1885 79.
401 1818 526 1881 Fideles
551 1817 612 1881 sibi
637 1819 839 1881 concreditos
859 1819 913 1881 vel
938 1818 981 1881 ab
1006 1818 1100 1881 initio
1125 1819 1231 1881 morbi
1257 1818 1415 1896 gravioris

267 1935 450 1998 sacerdotes
476 1935 620 1999 invisant
643 1943 687 2009 et,
707 1943 833 2014 quanta
856 1934 925 1997 fieri
949 1943 1059 2013 potest
1081 1935 1250 2013 diligentia
1275 1943 1308 1998 et
1334 1934 1415 1998 cari·

265 2059 345 2125 tate,
371 2051 414 2113 ad
439 2060 643 2114 sacramenta
664 2051 875 2114 morientium
898 2051 960 2114 rite
984 2051 1192 2129 percipienda
1220 2050 1413 2129 disponant;

265 2186 325 2230 nec
343 2175 530 2246 exspectent
548 2167 651 2231 donec
669 2175 826 2245 aegrotus·
838 2167 872 2229 in
890 2187 993 2246 agone
1010 2167 1125 2230 mortis
1146 2167 1254 2245 jaceat
1276 2175 1316 2230 ut
1339 2186 1415 2238 erun

266 2293 380 2348 sancto
403 2285 474 2348 oleo
496 2285 666 2363 inungant,
691 2304 794 2364 quum
817 2285 903 2348 inter
924 2285 1106 2364 praeclaros
1128 2273 1228 2363 hujus
1250 2283 1416 2348 unctionis

266 2400 401 2464 effectus
413 2400 456 2462 sit
468 2401 644 2479 aliquando
655 2401 709 2463 vel
720 2401 872 2464 sanitatis
883 2401 1057 2480 corporalis
1069 2401 1244 2464 restitutio.
1290 2400 1416 2463 Pariter

267 2517 379 2582 sedulo
393 2516 572 2594 advigilent
585 2525 625 2579 ut
640 2516 759 2578 infirmi
774 2517 895 2580 Sancto
918 2517 1048 2581 Viatico
1062 2518 1157 2596 plene
1171 2517 1221 2580 sui
1247 2525 1417 2594 compotes

266 2633 462 2698 reficiantur.
509 2630 600 2711 (Syn.
622 2633 678 2706 ΙΙ.,
702 2634 774 2709 106;
806 2633 888 2696 Can.
908 2635 980 2707 468,
1001 2635 1074 2712 865,
1093 2632 1180 2736 939)

308 2775 358 2838 80.
403 2773 480 2837 Non
500 2773 562 2836 erit
582 2781 757 2837 contentus
776 2774 882 2836 bonus
903 2774 1051 2837 sacerdos
1072 2794 1111 2836 ea
1131 2783 1264 2837 tantum
1294 2773 1417 2836 infirm-

267 2908 362 2952 orum
383 2889 572 2953 visitatione
596 2890 631 2952 in
656 2909 722 2969 qua
747 2898 950 2953 sacramenta
975 2890 1110 2965 confert,
1134 2890 1190 2952 sed
1216 2891 1335 2968 plun'es
1362 2909 1418 2954 eos

267 3005 428 3084 visitabit,
455 3026 530 3069 cum
560 3006 605 3069 eis
632 3006 750 3080 orabit,
776 3005 819 3068 ad
849 3014 943 3068 actus
972 3006 1186 3081 contritionis
1217 3007 1304 3080 fidei,
1337 3006 1416 3084 spei,

268 3122 425 3196 caritatis,
444 3131 478 3186 et
495 3122 734 3186 consonuitatis
754 3142 830 3185 cum
852 3123 1033 3186 Voluntate
1062 3123 1185 3186 Divina
1210 3143 1322 3186 eorum
1348 3123 1418 3186 ani-

267 3258 340 3302 mos
356 3238 521 3312 excitabit,
539 3247 573 3303 et
589 3239 697 3302 elicito
713 3239 756 3302 ab
773 3238 821 3313 iis,
840 3238 867 3301 si
887 3238 1023 3317 possint,
1040 3259 1129 3302 novo
1151 3239 1361 3304 confessionis
1384 3248 1418 3305 et

269 3353 472 3420 contritionis
503 3366 589 3431 actu,
621 3376 709 3419 nova
739 3356 917 3420 identidem
947 3357 1151 3420 absolutione
1184 3376 1239 3420 eos
1270 3357 1417 3421 donabit.

273 3469 363 3550 (Syn.
381 3472 437 3545 ΙΙ.,
457 3470 540 3548 107.)

311 3615 362 3677 81.
406 3610 531 3675 Curent
553 3611 712 3690 imprimis
744 3614 926 3677 sacerdotes
947 3633 989 3676 ne
1011 3633 1071 3676 sua
1091 3612 1288 3692 negligentia
1309 3633 1421 3691 aegro·

270 3735 381 3792 tantes
398 3728 542 3791 subsidio
560 3736 837 3792 sacramentorum
863 3737 1005 3793 careant.
1050 3730 1197 3807 Quorum
1214 3729 1241 3792 si
1259 3729 1316 3809 qui
1334 3730 1422 3792 luer-

270 3843 321 3908 int
347 3844 404 3925 qui
429 3845 586 3909 diuturno
612 3845 674 3909 etsi
700 3865 768 3909 non
794 3846 907 3909 lethali
933 3847 1050 3909 morbo
1079 3846 1169 3910 domi
1199 3846 1419 3921 detineantur,

271 3961 405 4040 singulis
428 3961 556 4040 saepius
578 3962 614 4024 in
635 3982 723 4026 anno
745 3962 802 4025 sed
825 3970 913 4025 certe
934 3970 1082 4041 tempore
1106 3962 1263 4036 Paschali,
1288 3982 1420 4026 ornnem

271 4078 554 4156 opportunitatem
589 4078 633 4141 ad
667 4087 871 4143 sacramenta
902 4078 1107 4157 suscipienda
1131 4079 1320 4157 praebeant.
1365 4079 1421 4141 In-

272 4193 358 4258 firmi
371 4193 427 4274 qui
440 4194 509 4272 jam
524 4213 545 4257 a
559 4214 670 4258 mense
685 4195 886 4260 decumbunt
902 4196 971 4259 sine
986 4204 1075 4259 certa
1091 4215 1148 4274 spe
1161 4203 1201 4258 ut
1220 4195 1286 4258 cito
1301 4214 1423 4259 conva-

273 4310 407 4386 lescant,
428 4311 470 4374 de
489 4311 643 4390 prudenti
662 4312 847 4375 confessarii
866 4312 999 4376 consilio
1019 4311 1257 4376 sanctissimam
1276 4312 1423 4376 Euchar-
