3538 5190
335 571 376 634 38
618 589 662 632 DE
685 588 912 633 SACRAMENTO
934 588 1197 634 POENITENTIAE.

333 770 361 832 si
389 789 524 833 censura
551 768 691 831 exterius
719 767 840 830 servari
869 787 936 829 non
963 775 1072 845 potest
1101 767 1170 830 sine
1198 768 1339 846 periculo
1368 770 1478 848 gravis

334 886 478 949 scandali
502 886 555 948 vel
580 884 743 958 infamiae,
771 891 829 947 aut
855 883 883 946 si
907 883 1027 946 durum
1052 883 1095 946 sit
1120 884 1302 962 poenitenti
1326 885 1361 948 in
1387 895 1480 950 statu

333 1002 459 1082 peccati
473 1001 580 1080 gravis
595 994 782 1080 permanere
797 1020 854 1078 per
867 1007 998 1078 tempus
1013 1000 1229 1063 necessarium
1243 1001 1287 1064 ad
1301 1001 1480 1066 habentem

333 1117 590 1196 jurisdictionem
607 1116 803 1190 adermdurn,
822 1115 930 1195 quivis
950 1115 1163 1180 confessarius
1183 1126 1292 1195 potest
1312 1118 1481 1182 absolvere

333 1237 375 1298 ab
392 1235 544 1298 omnibus
560 1233 734 1312 praedictis
750 1232 905 1296 censuris:
931 1253 969 1294 ea
985 1241 1097 1296 tamen
1114 1233 1301 1296 conditione
1314 1243 1354 1298 ut
1370 1235 1481 1313 poeni-

332 1351 418 1415 tenti
430 1350 621 1429 injungatur
633 1369 716 1413 onus
728 1349 912 1412 reorrrerrdi
925 1349 1012 1411 intra
1023 1369 1178 1424 mensem,
1191 1370 1249 1428 per
1261 1351 1433 1429 epistolam
1446 1360 1480 1416 et

303 1470 305 1473 ’
333 1468 521 1546 regulariter
538 1487 595 1545 per
611 1465 843 1530 confessarium
859 1464 988 1529 reticito
1004 1466 1136 1528 nomine
1153 1465 1196 1528 ad
1213 1466 1346 1530 Sacram
1364 1468 1480 1532 Poeni·

330 1583 520 1647 tentiariam
533 1583 587 1646 vel
602 1583 645 1645 ad
660 1582 731 1645 Nos
746 1603 805 1661 pro
819 1590 939 1645 natura
965 1601 1127 1656 censurae,
1144 1590 1178 1645 et
1194 1583 1320 1647 standis
1337 1584 1408 1662 ejus
1423 1585 1478 1649 vel

331 1700 461 1764 Nostris
477 1699 652 1763 mandatis.
696 1699 730 1761 Si
751 1718 818 1761 non
839 1698 974 1761 recurrit
995 1698 1082 1760 intra
1102 1719 1256 1775 mensem,
1277 1699 1426 1765 reincidit
1444 1701 1479 1764 in

330 1819 480 1881 eamdem
498 1837 676 1880 censuram.
724 1814 819 1893 (Can.
839 1813 1049 1891 2252-2254.)

370 2064 420 2128 75.
465 2062 611 2137 Parochi,
645 2062 765 2142 aliique
796 2063 983 2127 confessarii
1015 2082 1142 2140 semper
1184 2063 1407 2141 paratissimos
1441 2083 1476 2128 se

329 2179 503 2264 exhibeant
544 2179 587 2241 ad
627 2178 772 2241 fidelium
812 2179 1027 2244 confessiones
1078 2179 1291 2257 excipiendas,
1333 2180 1475 2244 maxime

268 2291 270 2294 ’
329 2296 443 2359 diebus
475 2294 614 2369 sabbati,
640 2295 862 2374 iestommque
883 2295 1010 2374 vigiliis,
1034 2295 1221 2374 vespertino
1243 2296 1360 2358 saltem
1392 2305 1477 2360 tenr-

331 2433 418 2490 pore,
448 2420 482 2475 et
511 2410 680 2475 dominicis
709 2410 865 2490 festisque
903 2411 1017 2474 diebus
1046 2421 1124 2474 ante
1152 2412 1293 2490 primam
1321 2412 1474 2486 Missam;

328 2549 425 2606 saepe
433 2529 535 2591 etiarn
544 2527 1061 2607 intrahebdomadam,.quantum
1070 2547 1178 2590 rerum
1187 2529 1346 2605 adjuncta
1355 2529 1475 2604 sinant,

327 2666 425 2708 mane
450 2654 525 2724 post
549 2646 603 2709 vel
628 2654 706 2708 ante
732 2645 871 2708 Missam
896 2645 1025 2708 lectam.
1083 2643 1174 2723 (Syn.
1203 2646 1259 2719 11,
1290 2648 1361 2722 104;
1389 2646 1472 2710 Can.

329 2760 415 2838 892.)

369 2894 419 2957 76.
463 2892 719 2966 Confessionalia
753 2893 787 2955 in
821 2893 961 2956 ecclesiis
1002 2893 1073 2956 loco
1107 2893 1235 2971 patenti
1270 2902 1303 2957 et
1345 2894 1476 2972 publico

327 3009 478 3088 erigenda
494 3018 581 3083 sunt,
599 3016 632 3072 et
649 3017 740 3072 extra
756 3029 795 3072 ea
810 3009 1026 3074 comessiones
1051 3010 1224 3073 mulierum
1240 3018 1274 3073 et
1291 3011 1473 3088 puellarum

328 3126 473 3205 excipere
512 3126 593 3188 nulli
625 3125 784 3188 sacerdoti
816 3125 884 3188 sive
920 3126 1075 3189 saeculari
1106 3125 1175 3188 sive
1206 3126 1354 3204 religioso
1389 3127 1474 3191 licet.

327 3242 450 3320 Quodsi
489 3242 524 3311 in
563 3241 726 3316 sacristiis
766 3241 955 3319 hujusmodi
1005 3262 1215 3320 personarum
1254 3243 1473 3307 confessiones

327 3359 503 3438 aliquando
522 3366 655 3437 propter
674 3357 902 3421 necessitatem
921 3357 1132 3436 excipiantur,
1153 3359 1306 3422 volumus
1324 3367 1363 3422 ut
1383 3360 1474 3423 locus

326 3475 369 3538 sit
386 3495 513 3554 semper
524 3483 640 3553 patens
652 3482 686 3537 et
703 3473 861 3552 publicus
876 3482 909 3537 et
927 3483 1032 3538 crates
1044 3475 1228 3552 perforatae
1239 3474 1469 3540 adhibeantur.

325 3591 377 3654 Ab
397 3591 460 3654 hac
480 3591 590 3668 regula
610 3610 716 3664 nemo,
738 3589 801 3652 nisi
821 3589 1014 3653 necessitate
1035 3589 1168 3653 omnino
1189 3591 1384 3669 compulsus
1407 3592 1473 3655 dis-

325 3708 437 3770 cedere
467 3727 614 3787 unquam
646 3709 851 3784 praesumat*
888 3706 1130 3770 Conscientiam
1173 3707 1380 3771 sacerdotum
1411 3709 1474 3772 hac

324 3825 420 3888 dere
440 3844 621 3888 oneramus
668 3822 758 3901 (Syn.
782 3824 838 3898 11,
861 3825 915 3900 96;
948 3823 1030 3886 Can.
1053 3822 1201 3902 908-10.)

366 3975 416 4038 77.
461 3973 680 4052 Praecipirnus
711 3970 863 4035 omnibus
894 3972 1126 4046 sacerdotibus
1164 3973 1282 4052 quibus
1319 3973 1473 4038 audiendi

324 4089 539 4153 comessiones
565 4097 712 4168 potestas
736 4087 936 4162 conceditur,
957 4086 996 4152 ut
1015 4089 1049 4151 in
1068 4087 1225 4152 tribunali
1250 4089 1472 4168 poenitentiae

322 4206 446 4280 sedem,
460 4197 708 4292 superpelliceo
740 4212 773 4267 et
805 4205 890 4269 stola
919 4205 1064 4268 violacea
1094 4205 1212 4280 induti,
1245 4225 1373 4269 sacrum
1403 4206 1466 4270 hoc

322 4342 442 4385 munus
460 4323 591 4386 obeant.
638 4320 728 4400 (Syn.
749 4322 801 4400 V.,
823 4319 888 4398 68.)
