3538 5190
722 573 1020 618 consrrrurmrvss.
1403 555 1444 618 47

298 753 372 826 alie,
401 752 462 814 nisi
489 753 671 815 consentiat
699 752 858 830 parochus
884 753 937 816 vel
963 772 1054 814 secus
1076 725 1236 815 'decernat
1263 752 1444 829 Archiepis-

297 889 408 947 copus.
456 868 546 948 (Syn.
568 870 623 943 ΙΙ.,
647 871 718 944 171;
738 868 819 932 Can.
842 871 931 943 1216,
954 867 1058 945 1218.)

342 1005 410 1066 110.
456 1004 519 1065 Pro
553 1003 740 1080 corporibus
773 1001 918 1066 fidelium
952 1002 1063 1066 debito
1096 1003 1218 1065 honore
1251 1002 1444 1080 reponendis

299 1120 483 1183 habeantur
499 1119 533 1180 in
549 1119 683 1196 singulis
709 1119 919 1193 districtibus
939 1127 1101 1199 quantum
1117 1139 1167 1182 res
1183 1120 1302 1192 sinant,
1320 1139 1444 1184 coeme-

297 1236 381 1299 teria
402 1236 564 1300 catholica
585 1237 669 1298 bene
691 1235 865 1310 custodita,
889 1235 1041 1299 decenter
1062 1244 1189 1310 ornata,
1213 1243 1314 1315 atque
1346 1235 1444 1298 sacris

296 1352 507 1416 caeremoniis
528 1360 561 1415 et
582 1352 731 1431 precibus
751 1360 948 1415 consecrata.
992 1352 1157 1415 Hortandi
1177 1359 1254 1415 sunt
1274 1351 1385 1415 fideles
1404 1359 1443 1414 ut

298 1469 446 1548 quisquis
467 1468 592 1531 familia
613 1469 756 1531 loculum
777 1488 873 1531 suum
895 1469 929 1530 in
950 1468 1143 1534 coemeterio
1166 1477 1291 1531 sartum
1323 1476 1443 1545 servet;

294 1594 402 1665 utque
422 1604 534 1648 omnes
555 1585 784 1648 coemeterium
803 1585 939 1649 visitent
959 1593 993 1648 et
1014 1585 1059 1648 ibi
1078 1585 1224 1664 requiem
1254 1584 1444 1664 propinquis

296 1710 332 1766 et
349 1701 462 1764 amicis
478 1710 659 1780 precentur.
706 1700 797 1781 (Syn.
817 1702 872 1776 11,
894 1703 966 1778 172;
995 1701 1077 1765 Can.
1098 1701 1202 1779 1205.)

342 1839 411 1898 111.
455 1835 507 1898 Ad
537 1835 738 1913 sepulturam
767 1834 1017 1899 ecclesiasticam
1045 1855 1112 1899 non
1141 1843 1218 1898 sunt
1247 1832 1445 1897 admittendi

297 1950 453 2026 infideles
474 1952 617 2030 exceptis
637 1951 878 2015 catechumenis
897 1952 954 2031 qui
973 1951 1063 2014 nulla
1083 1971 1142 2014 sua
1161 1951 1258 2029 culpa
1277 1951 1346 2013 sine
1364 1951 1445 2028 bap·

296 2068 396 2131 tismo
415 2068 620 2142 decesserint,
640 2067 760 2131 notorii
779 2076 960 2146 apostatae,
980 2068 1144 2142 haeretici,
1165 2066 1371 2141 schismatici,
1392 2067 1445 2130 vel

296 2193 406 2248 sectae
433 2185 634 2248 massonicae
662 2184 798 2264 aliisque
826 2185 897 2262 ejus
925 2185 1051 2263 generis
1080 2183 1290 2248 societatibus
1318 2183 1446 2247 notorie

296 2301 435 2379 addicti;
456 2301 652 2364 nominatim
673 2301 953 2376 excommunicati,
972 2301 1024 2364 vel
1046 2301 1224 2378 interdicti;
1246 2301 1302 2381 qui
1324 2300 1445 2378 seipsos

296 2418 477 2482 deliberato
496 2418 629 2480 consilio
648 2418 834 2492 occiderint,
855 2418 908 2480 vel
928 2418 985 2498 qui
1004 2437 1120 2496 corpus
1140 2438 1236 2480 suum
1254 2416 1445 2480 cremationi

297 2535 385 2598 tradi
415 2534 655 2608 mandaverint,
687 2535 806 2614 aliique
836 2544 1022 2614 peccatores
1052 2535 1174 2612 publici
1204 2542 1237 2597 et
1267 2533 1442 2597 manifesti.

297 2651 422 2729 Quodsi
451 2651 584 2730 aliquod
614 2651 751 2714 dubium
780 2652 905 2714 oriatur
933 2651 968 2714 in
997 2651 1125 2714 casibus
1154 2649 1338 2728 praedictis
1370 2670 1445 2713 con-

299 2767 407 2830 silium
423 2787 443 2829 a
465 2766 570 2830 Nobis
584 2767 718 2831 omnino
733 2768 950 2846 expetendum
965 2776 1029 2843 est;
1054 2776 1203 2845 tempore
1217 2787 1295 2829 vero
1309 2767 1353 2829 ad
1374 2765 1444 2829 Nos

298 2883 441 2947 adeundi
460 2882 639 2957 deficiente,
660 2892 872 2962 permanente
890 2884 1000 2959 dubio,
1022 2883 1162 2947 cadaver
1180 2883 1224 2946 ad
1243 2883 1445 2961 sepulturam

297 2999 549 3063 ecclesiasticam
569 3000 730 3074 tradatur,
754 2999 802 3063 ita
822 3007 936 3063 tamen
955 3009 994 3064 ut
1016 3000 1206 3064 scandalum
1227 3007 1443 3062 removeatur.

287 3113 396 3193 ·(Can.
419 3114 633 3193 1239-1241.)

341 3252 411 3312 112.
455 3249 615 3327 Satagant
634 3249 818 3313 sacerdotes
835 3259 875 3313 ut
894 3270 914 3313 a
933 3250 1101 3328 sepultura
1113 3249 1264 3314 'fidelium
1294 3269 1446 3312 amovea-

297 3374 353 3429 tur
369 3366 475 3429 omnis
493 3386 615 3445 pompa
632 3367 813 3440 saecularis,
829 3375 918 3446 'quae
935 3366 1138 3430 functionem
1155 3366 1289 3430 dedecet
1308 3386 1443 3429 sacram.

299 3483 479 3546 Prudenter
499 3491 533 3546 et
553 3483 698 3547 suaviter
717 3483 884 3547 eliminent
903 3503 1001 3546 usum
1020 3483 1158 3546 ornandi
1177 3483 1311 3546 floribus
1330 3483 1446 3546 funera

298 3599 537 3672 defunctorum,
559 3607 593 3663 et
613 3599 780 3674 inducant,
801 3599 860 3662 ubi
879 3600 914 3662 id
932 3599 1002 3662 fieri
1021 3607 1141 3678 potest,
1162 3599 1309 3663 defuncti
1335 3619 1446 3677 super-

298 3715 392 3779 stites
413 3723 453 3779 ut
476 3724 701 3794 praeposteras
724 3735 879 3794 expensas
902 3716 964 3779 hac
987 3715 1155 3779 occasione
1177 3735 1243 3778 non
1266 3715 1443 3779 incurrant.

297 3831 497 3895 Concionem
516 3832 685 3895 funebrem
702 3852 873 3912 nunquam
891 3833 967 3896 licet
985 3833 1105 3896 habere
1123 3833 1204 3912 quin
1222 3832 1310 3910 prius
1329 3831 1364 3894 in
1382 3831 1446 3895 sin-

298 3948 381 4026 gulis
399 3948 527 4011 casibus
544 3947 785 4026 Archiepiscopi
802 3948 934 4012 licentia
951 3968 1110 4027 expressa,
1129 3969 1203 4011 raro
1220 3948 1352 4028 quidem
1370 3968 1446 4011 con-

297 4064 451 4139 cedenda,
470 4064 668 4128 obtineatur.
715 4062 806 4143 (Syn.
827 4065 895 4144 IV.,
918 4067 986 4144 195,
1012 4063 1095 4143 197.)

317 4249 328 4268 χ
343 4200 411 4261 113.
454 4198 525 4261 Nec
541 4197 576 4259 in
590 4197 739 4271 ecclesiis,
767 4218 827 4262 nec
844 4198 879 4261 in
895 4199 1067 4263 cemeterio
1092 4198 1295 4277 permittitur
1322 4198 1446 4277 aperire

297 4314 454 4378 feretrum
477 4313 520 4377 ad
536 4315 775 4378 ostendendum
791 4316 914 4379 mortui
930 4317 1071 4380 vultum.
