3538 5190
762 541 1061 586 CONSTITUTIONES.
1174 531 1179 536 ¹

622 738 677 801 De
693 739 802 802 Boms
817 738 1008 802 Eccrasna
1025 739 1196 802 PRoPRus.

379 907 447 970 175.
492 905 603 968 Sciant
649 904 784 986 parochi
825 903 869 968 ad
909 905 1056 968 redditus
1097 905 1249 967 ecclesiae
1291 906 1482 983 praesertim

335 1022 496 1101 pertinere
506 1021 616 1084 omnia
628 1041 713 1102 quae
724 1021 862 1084 veniunt
875 1041 914 1084 ex
926 1021 1088 1086 locatione
1100 1041 1307 1084 scamnorum
1317 1022 1479 1097 ecclesiae,

333 1146 393 1202 aut
414 1157 499 1217 quae
520 1158 579 1216 pro
600 1137 676 1200 sede
695 1137 739 1201 ab
760 1137 822 1200 illis
844 1137 901 1216 qui
922 1157 1092 1200 scamnum
1112 1157 1179 1200 non
1199 1137 1388 1202 conducunt
1409 1158 1481 1217 per·

333 1255 508 1333 cipiuntur,
530 1255 597 1318 imo
620 1253 768 1318 redditus
784 1274 805 1316 a
822 1254 932 1318 schola
956 1254 1105 1328 derivati,
1125 1255 1152 1316 si
1168 1254 1340 1329 habeatur,
1360 1255 1478 1333 legata,

331 1371 535 1445 donationes
562 1379 596 1434 et
622 1369 874 1450 subscriptiones
904 1391 1038 1445 annuas,
1066 1379 1100 1434 et
1126 1379 1254 1434 caetera
1278 1371 1478 1449 hujusmodi.

332 1487 545 1550 Meminerint
575 1507 705 1566 quoque
730 1487 780 1549 sui
804 1487 948 1550 muneris
977 1507 1046 1550 esse
1071 1487 1239 1565 invigilare
1264 1508 1305 1551 ne
1330 1488 1478 1552 redditus

330 1603 484 1666 ecclesiae
508 1623 568 1666 sua
593 1604 689 1681 culpa
720 1603 927 1683 dissipentur,
955 1603 1013 1667 sed
1045 1603 1155 1682 potius
1179 1612 1218 1666 ut
1243 1585 1479 1682 religiosissime

329 1741 386 1784 eos
411 1720 446 1782 in
469 1720 550 1783 fines
574 1728 708 1783 tantum
726 1720 958 1798 expendantur
981 1720 1024 1783 ad
1047 1739 1129 1799 quos
1155 1740 1175 1783 a
1200 1719 1349 1783 fidelibus
1375 1721 1478 1785 oblati

330 1836 461 1900 fuerint.
513 1834 603 1914 (Syn.
623 1836 679 1910 II.,
699 1835 785 1914 211.)

375 1996 443 2059 176.
488 1995 609 2059 Omnes
619 1995 752 2058 omnino
766 1994 948 2059 oblationes
960 1995 1068 2058 iactae
1081 1995 1116 2056 in
1128 1995 1278 2069 ecclesiis,
1291 1995 1394 2059 etiam
1407 2015 1478 2058 suc-

329 2111 510 2176 cursalibus
527 2119 586 2175 aut
604 2112 639 2173 in
656 2111 736 2185 aliis,
753 2111 841 2174 intra
857 2110 1025 2190 paroeciae
1042 2111 1132 2184 fines,
1151 2111 1230 2174 locis
1245 2111 1304 2174 ubi
1321 2111 1426 2174 Missa
1443 2112 1478 2174 in

328 2228 441 2308 populi
456 2228 674 2302 commodum,
691 2227 792 2290 etiam
807 2248 866 2306 pro
881 2236 1037 2305 tempore,
1054 2247 1113 2304 eg.
1130 2227 1266 2301 aestiva,
1284 2228 1475 2303 celebratur,

325 2365 394 2408 non
417 2364 509 2407 secus
533 2363 572 2407 ac
596 2343 752 2422 pemmiae
776 2363 861 2423 quae
885 2363 944 2421 pro
968 2343 1111 2408 candelis
1135 2343 1407 2424 lampadibusque
1433 2345 1476 2408 ad

325 2469 455 2525 statuas
470 2469 504 2524 et
519 2460 676 2538 imagines
690 2459 905 2523 accendendis
918 2460 1110 2534 offenmtur,
1127 2467 1219 2522 totae
1233 2460 1277 2522 ad
1291 2460 1476 2538 paroeciam

326 2577 501 2656 pertinent,
516 2576 651 2639 minime
664 2596 743 2639 vero
756 2577 888 2639 nullove
902 2584 1075 2654 praetextu
1089 2576 1132 2639 ad
1147 2576 1358 2651 sacerdotem,
1373 2576 1476 2640 firmis

324 2701 439 2757 tamen
454 2693 590 2757 statutis
608 2694 760 2757 182-183.
807 2689 902 2769 (Can.
923 2690 1028 2770 1182.)

370 2853 438 2916 177.
484 2852 625 2914 Munera
657 2858 778 2925 autem,
813 2850 1037 2914 ecclesiasticis
1067 2850 1181 2913 usibus
1212 2857 1301 2928 apta,
1337 2870 1421 2930 quae
1453 2871 1475 2914 a

323 2967 475 3032 fidelibus
493 2976 609 3046 sponte
626 2967 768 3046 parocho
786 2967 899 3030 oblata
915 2966 1046 3041 inerint,
1064 2974 1104 3030 ut
1122 2966 1275 3030 ecclesiae
1292 2967 1475 3045 proprietas

322 3083 544 3158 habebuntur,
560 3083 622 3146 nisi
636 3083 836 3147 contrarium
850 3083 949 3147 fuerit
963 3092 1075 3161 aperte
1090 3103 1110 3145 a
1123 3083 1338 3146 donatoribus
1352 3083 1475 3146 declar·

322 3208 429 3264 atum.
473 3200 597 3277 Quodsi
616 3199 689 3279 quis
708 3199 897 3263 clericorum
914 3200 968 3263 vel
986 3199 1143 3262 laicorum
1161 3200 1249 3263 bona
1267 3198 1402 3262 mobilia
1420 3200 1474 3263 vel

322 3314 513 3390 immobilia,
545 3315 588 3378 ad
617 3315 850 3379 ecclesiasticos
877 3335 956 3379 usus
985 3315 1074 3390 data,
1106 3335 1126 3378 a
1155 3300 1332 3393 designatis
1360 3314 1474 3379 usibus

321 3440 440 3496 contra
456 3431 653 3495 donatorum
668 3432 877 3495 voluntatem
892 3432 1058 3505 averterit,
1077 3451 1111 3494 se
1127 3431 1162 3493 in
1177 3450 1299 3510 poenas
1315 3451 1335 3494 a
1352 3430 1474 3495 Codice

322 3547 410 3612 latas
437 3548 608 3612 incurrisse
635 3548 774 3612 noverit.
821 3546 911 3627 (Syn.
943 3548 999 3622 II.‚
1032 3549 1104 3623 182;
1145 3547 1227 3610 Can.
1259 3549 1348 3621 1516,
1381 3550 1471 3623 1534,

327 3663 432 3741 1536.)

368 3815 436 3878 178.
480 3814 547 3877 Res
571 3834 646 3877 suas
669 3814 766 3878 rebus
789 3813 941 3877 ecclesiae
965 3814 1148 3877 sacerdotes
1171 3833 1342 3893 nunquam
1365 3813 1472 3876 immi-

321 3940 445 3996 sceant.
490 3931 524 3993 Si
544 3951 583 3994 ex
603 3931 691 3994 vasis
711 3939 745 3995 et
766 3930 966 3994 indumentis
987 3931 1085 3993 sacris
1106 3938 1165 3993 aut
1187 3929 1378 4008 supellectili
1398 3930 1468 3994 sive

320 4047 476 4112 ecclesiae
497 4047 566 4110 sive
586 4046 704 4110 domus
725 4047 912 4125 paroecialis
933 4046 1062 4127 aliaque
1083 4045 1216 4125 parochi
1238 4046 1303 4110 sint
1325 4046 1468 4125 propria,

320 4163 479 4228 distincta
495 4164 576 4226 haec
592 4163 635 4226 ab
652 4163 803 4226 ecclesiae
819 4181 876 4226 seu
893 4162 1150 4240 congregationis
1165 4162 1260 4226 bonis
1276 4162 1468 4228 referantur.

322 4281 478 4361 Alioquin
496 4280 531 4343 in
550 4279 657 4342 dubiis
676 4279 827 4343 ecclesiae
846 4279 1133 4357 adjudicabuntur.
1177 4279 1301 4356 Quodsi
1321 4281 1469 4344 sacerdos
