3538 5190
717 588 1017 634 consrrrurrouus.
1087 621 1090 626 .
1401 573 1441 636 57

228 839 230 846 ,
295 772 401 836 omnis
431 771 594 834 humanae
626 770 730 833 sordis
765 789 886 848 expers,
920 770 1061 848 prudens
1092 791 1170 834 vero
1200 779 1234 834 et
1265 771 1444 834 secundmn

296 888 474 962 scientiam,
514 887 644 966 patiens
680 887 813 965 insuper
849 894 883 949 et
921 907 1139 965 perseverans,
1184 889 1373 951 Peccatores
1410 896 1444 951 et

297 1013 441 1068 errantes
457 1011 639 1077 convertat,
656 1003 760 1066 bonos
776 1003 954 1078 confirmet,
972 1023 1088 1081 pueros
1103 1004 1264 1083 rudesque
1279 1005 1442 1079 instituat,

296 1121 430 1184 miseros
462 1105 620 1194 sublevet,
655 1120 809 1183 scandala
841 1120 883 1183 de
913 1120 1022 1183 medio
1053 1121 1159 1194 tollat,
1192 1121 1276 1183 vitia
1307 1121 1446 1184 latentia

296 1238 453 1316 reprimat
473 1244 506 1299 et
527 1237 656 1310 evellat,
678 1237 837 1314 pietatem
857 1245 1058 1314 promoveat.
1105 1235 1196 1316 (Syn.
1219 1238 1275 1311 11,
1299 1236 1364 1315 28.)

341 1373 409 1434 152.
454 1370 501 1433 Ut
543 1370 677 1448 parochi
707 1370 798 1432 omni
830 1390 896 1448 quo
927 1371 1060 1434 valeant
1092 1371 1201 1434 studio
1232 1392 1329 1434 verae
1369 1372 1446 1436 fidei

299 1486 466 1551 custodiae
492 1494 526 1548 et
553 1487 737 1549 animarum
764 1486 862 1549 saluti
888 1487 1098 1567 prospiciant,
1116 1489 1381 1552 commendamus
1406 1497 1446 1552 ut

300 1604 398 1666 semel
421 1603 541 1668 saltem
575 1603 662 1666 intra
685 1611 752 1666 tres
776 1611 959 1682 quatuorve
992 1623 1095 1667 annos
1130 1605 1297 1668 Missionis
1331 1605 1447 1668 Sacrae

299 1719 456 1783 beneficia
481 1719 598 1782 ovibus
613 1720 681 1782 suis
697 1728 879 1798 procurent.
926 1717 1016 1799 (Syn.
1042 1721 1201 1807 1v.,255;
1228 1721 1310 1785 Can.
1340 1721 1444 1799 1349.)

563 1936 618 1997 Du
635 1936 881 1999 D1v1N1VnRs1
897 1938 1187 2002 Pmmcinonn.

345 2087 413 2149 153.
446 2075 590 2148 ¹Nemini
609 2085 826 2148 ministerium
838 2087 1088 2165 praedicationis
1101 2088 1136 2150 in
1147 2088 1210 2152 hac
1223 2088 1360 2152 dioecesi
1372 2089 1448 2152 licet

300 2222 445 2264 exercere
466 2202 528 2264 nisi
549 2202 594 2280 vi,
620 2203 688 2265 sive
708 2202 805 2265 officii
827 2203 886 2282 sui,
910 2204 978 2267 sive
998 2205 1196 2268 facultatum
1217 2225 1237 2268 a
1258 2205 1353 2268 nobis
1374 2225 1449 2268 con-

303 2339 474 2393 cessamm,
496 2319 682 2381 missionem
705 2339 726 2383 a
748 2320 842 2382 nobis
864 2321 1033 2399 receperit;
1067 2321 1165 2384 salvis
1189 2321 1316 2400 juribus
1340 2341 1449 2399 super·

302 2436 408 2498 iorum
440 2434 664 2512 religiosorum
697 2444 922 2515 exemptorum
955 2438 1065 2517 quoad
1097 2439 1267 2501 conciones
1299 2438 1343 2501 ad
1375 2458 1450 2500 suos

220 2611 223 2615 .
302 2561 436 2615 tantum
453 2551 620 2629 subjectos
636 2552 813 2616 habendas.
860 2552 1395 2632 (Can.1328,1337-39,1341.)·

332 2687 416 2748 154.
462 2685 572 2762 Quum
597 2684 678 2747 fides
703 2685 828 2748 oriatur
855 2686 915 2748 “ex
941 2686 1067 2762 auditu,
1096 2688 1229 2751 auditus
1254 2696 1368 2752 autem
1394 2707 1451 2765 per

305 2801 442 2863 verbum
470 2800 614 2863 Christi’
648 2798 756 2878 (Rom.
786 2802 829 2864 X.
861 2802 912 2881 17)
943 2823 1055 2867 curam
1082 2805 1266 2868 animarum
1292 2804 1452 2868 habentes

305 2925 489 2996 opportune
517 2917 626 2996 plebes
655 2918 716 2981 sibi
745 2919 932 2982 commissas
960 2920 1158 2984 salutaribus
1185 2921 1293 2985 verbis
1321 2940 1452 3001 pascere

306 3041 468 3096 tenentur.
513 3034 592 3097 Ideo
618 3035 833 3113 praecipimus
857 3044 897 3099 ut
922 3036 1056 3115 singulis
1082 3037 1262 3101 Dominicis
1287 3047 1321 3102 et
1346 3036 1452 3100 Festis

307 3149 348 3212 de
365 3157 549 3228 praecepto
569 3149 670 3213 etiam
689 3159 838 3230 tempore
854 3152 989 3228 aestivo,
1008 3153 1044 3216 in
1064 3154 1209 3232 qualibet
1231 3154 1336 3216 Missa
1355 3154 1450 3229 lecta,

307 3264 365 3328 ubi
382 3265 516 3328 adstant
534 3265 653 3340 fideles
673 3275 849 3347 postquam
867 3267 1082 3347 Evangelium
1100 3270 1135 3332 in
1152 3271 1262 3348 lingua
1278 3269 1453 3332 vernacuia

308 3389 341 3444 et
356 3381 623 3446 annuntiationes
637 3383 722 3446 lecta
737 3383 868 3459 fuerint,
884 3385 993 3449 brevis
1006 3386 1067 3449 fiat
1082 3386 1254 3450 instructio
1269 3405 1354 3466 quae
1369 3386 1453 3449 circa

308 3496 534 3560 duodecimam
547 3499 647 3562 horae
659 3508 787 3578 partem
800 3501 1024 3579 protrahatur;
1050 3502 1085 3566 in
1098 3502 1203 3566 Missa
1215 3523 1293 3566 vero
1307 3510 1452 3577 cantata,

307 3593 749 3694 concionatperdjmidium
762 3617 1009 3683 memnone.
1057 3617 1454 3699 (syn.11.,16;1V.,16;

310 3730 391 3794 Can.
410 3733 498 3806 1322,
516 3732 682 3812 1344-45.)

353 3867 421 3929 155.
466 3865 513 3928 Ut
532 3886 633 3946 quam
649 3867 791 3930 maxime
807 3869 905 3932 utiles
923 3870 1066 3933 evadant
1092 3870 1331 3944 conciunculae,
1350 3889 1456 3935 sacer-

310 3980 404 4044 dotes
420 3982 565 4060 impense
582 3983 771 4063 suadentur,
788 3992 828 4047 ut
844 4005 911 4047 non
931 3985 1036 4048 solum
1053 4006 1092 4048 ex
1115 3986 1301 4064 evangelica
1317 3985 1456 4049 lectione

309 4097 436 4162 monita
456 4099 612 4162 salutaria
631 4100 835 4178 depromant,
856 4101 913 4164 sed
932 4101 1116 4166 doctrinam
1136 4103 1359 4166 Christianam
1378 4111 1456 4182 apte

311 4215 439 4278 tradere
467 4215 632 4280 studeant.
676 4217 749 4280 Sint
777 4237 853 4296 ergo
881 4238 1043 4282 sermones
1072 4219 1156 4283 inter
1185 4239 1219 4283 se
1247 4219 1456 4284 cohaerentes

309 4338 344 4394 et
370 4331 453 4394 bene
478 4332 637 4411 dispositi,
664 4333 713 4396 ita
736 4342 776 4397 ut
802 4333 1006 4413 quadriennii
1030 4337 1084 4401 vel
1109 4336 1324 4416 quinquennii
1349 4336 1456 4415 spatio
