3538 5190
720 537 1019 583 cousrrrurmnas.
1401 521 1443 582 49

298 717 392 796 cujus
409 718 509 781 clavis
526 718 569 781 sit
586 718 753 781 deaurata.
796 716 849 780 Ad
866 717 1058 781 evitandum
1075 717 1254 795 periculum
1271 717 1443 794 sacrilegae

298 834 494 898 effractionis
527 834 729 898 tabernaculi
761 843 915 912 optamus
947 842 995 907 ut,
1031 842 1193 912 quatenus
1225 833 1295 895 fieri
1328 833 1439 911 possit,

297 950 351 1013 SS.
376 951 623 1014 Sacramentum
644 950 679 1013 in
700 950 840 1013 armano
865 948 960 1026 (saie)
984 950 1018 1011 in
1040 950 1111 1028 ipso
1131 949 1344 1013 tabernaculo
1366 969 1443 1011 con-

297 1075 452 1130 servetur.
500 1065 590 1145 (Syn.
610 1068 661 1141 V.,
681 1068 735 1143 51;
765 1066 846 1129 Can.
869 1063 973 1142 1268.)

339 1236 408 1298 119.
452 1233 713 1297 Tabernaculum
746 1233 925 1311 pretiosum
959 1233 1002 1296 sit
1035 1241 1070 1296 et
1102 1232 1243 1295 maxime
1276 1240 1440 1306 omatum,

296 1349 386 1413 intus
416 1350 491 1413 velo
523 1350 598 1412 albo
630 1349 730 1412 serico
762 1349 1019 1424 circumtectum,
1053 1356 1145 1412 extra
1175 1369 1254 1412 vero
1287 1368 1440 1426 conope0,

296 1465 390 1544 cujus
405 1467 492 1530 color
506 1474 565 1528 aut
580 1466 673 1529 albus
689 1465 731 1529 sit
746 1473 805 1529 aut
820 1466 1014 1544 respondeat
1029 1465 1135 1528 officio
1150 1465 1223 1540 diei,
1240 1473 1440 1543 coopertum.

297 1582 450 1646 Nitidum
464 1591 611 1645 servetur
624 1591 658 1646 et
672 1582 715 1645 ab
729 1581 819 1645 omni
833 1581 946 1644 aliare
960 1601 1166 1661 quacumque
1179 1602 1331 1646 vacuum.
1375 1583 1441 1645 Vas

295 1698 421 1774 florum,
434 1699 488 1762 vel
500 1698 579 1778 quid
591 1698 694 1761 simile
705 1706 783 1762 ante
794 1697 874 1760 illud
886 1698 963 1776 poni
974 1718 1041 1761 non
1052 1705 1172 1776 potest,
1185 1698 1242 1761 sed
1254 1718 1274 1760 a
1285 1697 1442 1761 lateribus

294 1822 437 1878 tantum.
481 1814 597 1894 Neque
627 1815 792 1893 imagines,
824 1835 930 1894 neque
959 1814 1113 1894 reliquiae
1143 1815 1348 1889 Sanctorum,
1381 1823 1440 1878 aut

295 1931 376 2011 quid
400 1930 489 1994 aliud
514 1939 644 2010 praeter
668 1931 842 2009 imaginem
868 1931 1021 1994 Cruoifixi
1046 1930 1267 2009 superimponi
1292 1939 1439 2009 possunt.

298 2045 529 2126 (syn.11.,75;
554 2049 604 2123 V.,
620 2049 673 2124 52;
699 2047 781 2111 Can.
799 2046 904 2124 1269.)

338 2217 407 2278 120.
451 2213 573 2277 Coram
600 2212 834 2288 Sacratissimo,
863 2213 1062 2292 ubicumque
1089 2222 1284 2289 asservatur,
1314 2214 1441 2292 lampas

295 2351 334 2394 ex
346 2331 417 2394 oleo
429 2330 591 2394 olivarum
603 2331 656 2393 vel
669 2314 903 2408 compositione
914 2330 1013 2407 hujus
1026 2330 1088 2393 olei
1101 2350 1176 2393 cum
1190 2351 1262 2393 cera
1275 2350 1376 2408 apum
1387 2330 1442 2393 vel

295 2447 411 2510 saltem
446 2447 518 2510 oleo
551 2446 726 2525 vegetabili
761 2432 896 2520 nutrita,
933 2446 987 2508 die
1020 2455 1187 2525 noctuque
1221 2446 1441 2510 indesinenter

293 2565 411 2627 luceat.
458 2561 549 2641 (Syn.
571 2563 621 2637 V.,
644 2564 697 2638 53;
730 2561 812 2625 Can.
836 2564 925 2626 1271.
1044 2578 1047 2584 ’

338 2723 406 2784 121.
451 2719 634 2784 Particulae
667 2721 917 2785 sacramentales
950 2719 1091 2784 minores
1125 2728 1159 2783 et
1192 2721 1300 2798 major
1332 2721 1441 2786 hostia

294 2839 392 2901 semel
411 2837 446 2900 in
463 2837 680 2912 hebdomada,
701 2837 795 2915 juxta
813 2845 930 2900 votum
950 2837 981 2900 S.
1002 2837 1142 2900 Rituum
1161 2837 1439 2916 Congregationis

294 2962 500 3029 renoventur,
521 2954 686 3017 veteribus
708 2954 918 3032 consumptis,
939 2963 973 3016 et
991 2962 1131 3032 purgato
1151 2974 1172 3017 a
1192 2954 1284 3017 micis
1307 2930 1439 3020 ciborio

295 3070 542 3134 Consecrandae
567 3079 711 3134 recentes
737 3071 812 3145 sint,
840 3079 873 3134 et
898 3072 1101 3134 macularum
1126 3079 1282 3149 expertes,
1311 3092 1395 3151 quae
1420 3092 1441 3134 a

293 3187 386 3250 micis
416 3195 595 3266 purgentur
625 3195 803 3266 antequam
833 3186 867 3249 in
897 3187 1056 3251 ciborium
1085 3187 1272 3250 mittantur.
1330 3188 1441 3265 Major

293 3301 402 3368 hostia
419 3303 595 3381 separatim
614 3312 760 3367 servetur
776 3303 811 3365 in
827 3304 952 3380 lunula;
977 3304 1112 3366 minime
1128 3324 1206 3367 vero
1227 3304 1262 3365 in
1283 3304 1441 3367 ciborium

201 3419 204 3423 ’
294 3421 487 3498 deponatur,
520 3420 574 3482 vel
605 3439 736 3498 prorsus
767 3420 875 3498 jaceat
906 3420 1039 3483 intecta.
1086 3418 1177 3499 (Syn.
1212 3421 1268 3495 11,
1302 3421 1352 3495 77,
1386 3422 1440 3498 79;

294 3534 376 3598 Can.
401 3533 507 3611 1272.)

338 3696 406 3757 122.
451 3694 492 3756 In
525 3694 665 3758 ecclesiis
699 3703 732 3758 et
766 3695 915 3758 oratoriis
945 3695 1213 3775 quibuscumque,
1240 3695 1340 3758 etiam
1369 3696 1442 3760 reli·

294 3810 467 3890 giosorum,
500 3810 747 3874 Sanctissimum
781 3811 1006 3874 Eucharistiae
1036 3811 1283 3875 Sacramentum
1312 3812 1441 3891 publice

294 3927 498 3990 adorandum
524 3947 683 4005 exponere
707 3947 774 3990 non
799 3927 884 4002 licet,
911 3927 973 3990 nisi
999 3948 1038 3990 ex
1064 3947 1162 3990 causa
1187 3928 1327 4006 publica,
1355 3948 1441 4008 quae

293 4045 434 4122 probata
448 4044 491 4108 sit
513 4044 556 4107 ab
579 4043 759 4108 Ordinario
804 4044 844 4106 In
858 4044 929 4122 ejus
944 4044 1143 4123 expositione
1156 4045 1268 4108 stricte
1281 4045 1442 4109 servanda

296 4169 373 4226 sunt
394 4161 504 4225 omnia
527 4181 610 4242 quae
632 4161 667 4223 in
688 4161 912 4224 caeremoniali
933 4163 1105 4226 habentur.
1151 4163 1385 4242 Praeterquam
1406 4163 1441 4226 in

297 4279 349 4342 die
368 4278 453 4342 festo
472 4278 625 4357 Corporis
645 4278 768 4342 Christi
787 4287 821 4342 et
840 4279 927 4360 intra
946 4288 1109 4354 octavam,
1131 4279 1264 4359 quando
1282 4280 1441 4358 expositio
