3538 5190
751 580 795 624 DE
818 579 1046 625 MATRIMONIO.

607 758 662 820 Da
678 759 900 822 Pnoanmoua
916 759 1045 822 Scarus
1061 760 1193 822 Lmnm.

370 909 420 972 90.
465 907 703 986 Nupturientes
731 908 847 988 quivis
877 907 934 987 qui
962 928 1000 970 ex
1028 909 1099 971 loco
1127 909 1242 973 dissito
1269 910 1472 984 advenerint,

330 1032 419 1087 certa
444 1023 565 1088 debent
590 1025 732 1102 prolerre
756 1024 953 1088 documenta
978 1045 1056 1088 suae
1080 1025 1241 1088 libertatis
1266 1045 1286 1088 a
1310 1026 1472 1104 ligamine,

329 1140 464 1219 aliisque
498 1140 748 1219 impedimentis.
791 1140 845 1203 Ad
878 1141 941 1204 hoc
975 1141 1170 1220 tempestive
1203 1151 1400 1205 moneantur
1434 1150 1473 1206 ut

330 1265 503 1335 procurent
530 1255 591 1320 sibi
616 1256 743 1320 litteras
768 1255 1002 1320 testimoniales
1028 1257 1161 1336 parochi
1186 1257 1249 1321 loci
1273 1259 1331 1321 ubi
1357 1259 1475 1322 ultimo

330 1374 446 1436 saltem
463 1381 611 1451 tempore
628 1372 827 1436 domicilium
844 1373 1021 1447 habebant,
1041 1382 1100 1437 aut
1118 1374 1212 1437 aliter
1229 1394 1286 1453 per
1303 1383 1404 1439 testes
1421 1376 1475 1439 vel

329 1489 430 1553 etiam
446 1509 503 1567 per
518 1489 741 1568 juramentum
757 1490 896 1568 probent
913 1509 1006 1552 suam
1021 1489 1216 1554 libertatem.
1261 1491 1295 1554 Si
1310 1491 1418 1569 agitur
1434 1492 1476 1555 de

330 1605 447 1670 exteris
460 1606 517 1685 qui
531 1625 634 1669 annos
648 1614 790 1685 quatuor
803 1613 836 1669 et
850 1606 962 1669 decem
975 1606 1047 1669 nati
1061 1607 1104 1670 ad
1117 1606 1300 1670 Americam
1313 1609 1473 1682 venerint,

265 1763 268 1770 ·
331 1722 443 1786 stricte
466 1723 662 1785 mandamus
684 1731 724 1786 ut
748 1730 838 1785 certa
861 1723 896 1785 in
920 1722 1048 1801 scriptis
1071 1723 1269 1798 testimonia,
1294 1723 1356 1786 nisi
1381 1725 1475 1787 aliter
1587 1769 1588 1774 η

330 1839 498 1902 evidenter
516 1847 653 1913 constet,
674 1840 716 1902 de
734 1848 826 1903 statu
843 1840 945 1903 libero
963 1841 1151 1918 praebeant.
1198 1839 1289 1919 (Syn.
1311 1842 1378 1916 IV..
1402 1843 1475 1917 143;

189 1942 203 1957 ⁴
330 1956 381 2030 v..
401 1957 454 2032 77;
484 1954 803 2032 Can.1030,1031.)

372 2100 422 2162 91.
466 2097 553 2161 Ante
576 2097 786 2161 matrimonia
806 2097 1048 2172 catholicorum,
1067 2098 1303 2177 publicationes
1323 2099 1366 2161 ad
1387 2099 1476 2163 dete-

330 2213 435 2293 genda
472 2213 706 2292 impedimenta
744 2213 959 2292 praescriptas
997 2213 1066 2276 fieri
1104 2214 1221 2277 debere
1268 2215 1477 2279 meminerint

330 2329 472 2409 parochi,
495 2338 529 2393 et
550 2330 682 2409 quidem
702 2330 737 2391 in
767 2330 917 2408 paroecia
936 2338 1007 2393 tam
1028 2331 1138 2409 sponsi
1158 2351 1259 2410 quam
1280 2351 1426 2409 sponsae,
1449 2331 1476 2395 si

219 2516 223 2522 ,
331 2447 495 2510 diversum
522 2446 667 2510 habeant
694 2446 903 2510 domicilium.
947 2447 1086 2524 Quando
1113 2447 1147 2509 in
1174 2447 1309 2510 diversis
1336 2448 1477 2511 ecclesiis

330 2563 464 2653 habitae
480 2571 557 2626 sunt
574 2563 820 2641 publicationes,
839 2563 880 2625 de
895 2563 1013 2626 harum
1029 2563 1119 2627 exitu
1135 2563 1249 2626 statim
1266 2584 1323 2642 per
1339 2566 1477 2632 authen-

330 2682 433 2745 ticum
449 2681 682 2743 documentum
699 2681 815 2744 certior
830 2680 890 2744 fiat
906 2681 1066 2759 parochus
1082 2681 1140 2760 qui
1154 2681 1365 2745 matrimonio
1382 2682 1476 2745 assis·

330 2806 400 2861 tere
424 2796 531 2859 debet.
575 2796 609 2859 Si
634 2796 830 2877 quandoque
854 2797 1005 2874 expediat
1029 2797 1072 2860 ab
1095 2817 1163 2860 una
1187 2797 1240 2860 vel
1264 2798 1412 2876 pluribus
1437 2819 1476 2861 ex

331 2913 419 2976 hisce
443 2913 718 2991 publicationibus
742 2913 937 2991 dispensare,
964 2933 1110 2976 recursus
1135 2914 1179 2976 ad
1205 2913 1365 2977 Nostrum
1391 2914 1478 2976 Can-

331 3029 496 3093 cellarium
510 3028 680 3092 habeatur.
728 3027 818 3108 (Syn.
836 3030 904 3104 IV..
923 3032 991 3104 139,
1011 3031 1083 3105 14ος
1100 3029 1181 3092 Can.
1201 3031 1351 3104 102224,
1369 3029 1474 3108 1029.)

717 3235 771 3297 Da
788 3235 1051 3298 Iuramuaurrs.

375 3387 424 3452 92.
468 3386 612 3449 Tenetur
649 3386 808 3464 parochus
833 3386 946 3449 sedulo
998 3385 1193 3464 investigare
1228 3405 1309 3447 num
1345 3384 1478 3464 aliquod

332 3501 451 3566 existat
474 3501 745 3580 impedimentum
778 3503 970 3565 canonicum
1004 3501 1089 3565 inter
1112 3503 1350 3578 contrahentes,
1375 3501 1479 3580 prius·

332 3638 432 3699 quam
461 3618 671 3682 matrimonio
702 3618 773 3680 illos
802 3618 929 3696 jungat,
961 3618 1152 3697 praesertim
1190 3618 1249 3683 ubi
1279 3617 1479 3697 dispensatio

332 3735 470 3799 obtenta
487 3734 586 3798 fuerit
605 3755 625 3797 a
643 3734 928 3812 publicationibus.
972 3735 1012 3797 In
1029 3734 1140 3797 mixtis
1158 3735 1337 3809 connubiis,
1358 3734 1479 3815 quippe

333 3870 418 3931 quae
448 3851 517 3914 sine
547 3850 822 3930 publicationibus
852 3851 921 3914 fieri
952 3851 1082 3926 debent,
1114 3851 1258 3914 maxima
1288 3851 1397 3914 cautio
1428 3858 1479 3914 est

333 3966 532 4043 adhibenda;
559 3987 634 4046 pars
648 3966 839 4042 acatholica,
854 3967 917 4030 nisi
932 3967 1075 4046 parocho
1090 3967 1215 4030 nonsit
1230 3967 1352 4045 ignota,
1368 3976 1479 4030 tenea-

333 4093 388 4150 tur
408 4084 443 4146 in
462 4084 552 4147 omni
572 4103 650 4147 casu
670 4084 808 4162 probare
827 4103 862 4150 se
881 4104 920 4146 ex
940 4084 1037 4147 certis
1056 4083 1257 4162 argumentis
1276 4102 1297 4147 a
1316 4082 1479 4162 conjugali

332 4201 463 4264 vinculo
495 4220 563 4263 esse
594 4200 738 4263 liberam.
782 4200 920 4264 Attente
950 4201 1134 4279 exploretur
1165 4220 1209 4264 an
1240 4220 1336 4279 super
1375 4199 1481 4263 mixta

332 4316 485 4394 religione
505 4316 760 4394 dispensandum
780 4317 833 4390 sit,
852 4337 897 4379 an
915 4316 1107 4395 disparitate
1127 4317 1246 4382 cultus.
1288 4315 1480 4382 Acatholico
