3538 5190
309 493 351 554 50
716 509 760 553 oa
783 508 905 554 n1v1uo
927 508 1048 552 curru.

307 691 378 753 fieri
401 699 510 769 potest
533 690 812 754 intermissurum
830 690 985 754 solemnia
1007 699 1041 753 et
1064 709 1224 767 vesperas,
1253 687 1457 766 indulgemus

308 816 347 871 ut
362 807 519 870 Solemnis
534 807 587 870 SS.
604 807 805 870 Sacramenti
819 807 988 885 Expositio
1002 815 1035 870 et
1050 805 1241 869 Benedictio
1255 805 1326 867 dari
1340 805 1456 882 possit:

395 946 441 1025 (a)
466 947 605 1026 Singulis
624 948 727 1011 totius
746 947 824 1011 anni
845 947 1026 1010 Dominicis
1045 946 1169 1009 diebus

395 1079 444 1158 (b)
468 1081 608 1160 Singulis
633 1081 738 1144 Festis
763 1081 816 1144 vel
840 1081 965 1159 primae
989 1081 1042 1143 vel
1067 1081 1228 1144 seormdae
1253 1079 1372 1142 classis.

395 1212 440 1290 (c)
464 1213 604 1292 Singulis
629 1215 744 1278 diebus
770 1235 828 1293 per
852 1234 997 1277 mensem
1023 1213 1210 1288 Octobrem,
1229 1213 1257 1275 si
1282 1212 1458 1275 Rosarium

309 1351 377 1395 una
393 1351 469 1392 oum
486 1330 622 1393 Litaniis
640 1331 832 1394 Lauretanis
849 1339 883 1394 et
900 1331 1047 1394 oratione
1063 1331 1098 1392 in
1113 1330 1270 1392 honorem
1287 1329 1318 1392 S.
1337 1328 1458 1407 Joseph

310 1455 403 1510 extra
422 1447 562 1510 Missam
580 1447 744 1511 recitetur.

397 1578 445 1659 (d)
470 1580 608 1659 Singulis
642 1579 757 1644 diebus
791 1589 937 1659 tempore
970 1581 1042 1644 XL.
1078 1580 1252 1654 Horarum,
1289 1579 1460 1642 Sacrorum

312 1696 518 1771 Missionum,
538 1706 572 1761 et
590 1697 815 1776 Spiritualium
833 1697 1068 1761 Exercitiorum
1089 1693 1338 1773 (“Retreats'’).

397 1829 441 1907 (e)
465 1830 604 1909 Singulis
636 1830 749 1894 diebus
780 1831 816 1893 in
846 1831 1020 1894 devotione
1050 1829 1237 1894 nouendiali
1268 1837 1345 1892 ante
1376 1828 1461 1891 festa
1525 1807 1527 1810 ¹

313 1947 548 2010 Immaculatae
566 1946 799 2025 Conceptionis
817 1948 855 2009 B.
875 1948 914 2010 V.
936 1948 985 2010 M.
1005 1955 1039 2011 et
1058 1948 1275 2010 Pentecostes.

398 2078 437 2157 (f)
461 2080 601 2157 Singulis
613 2079 728 2143 diebus
739 2080 773 2142 in
785 2080 960 2143 devotione
970 2079 1072 2143 tridui
1084 2088 1162 2143 ante
1179 2079 1264 2142 festa
1276 2078 1330 2142 SS.
1344 2077 1460 2140 Cordis

312 2197 390 2275 Jesu
407 2205 441 2260 et
460 2197 597 2259 Patroni
615 2196 788 2259 Ecclesiae.

399 2328 445 2408 (g)
470 2328 580 2392 Prima
600 2329 681 2392 feria
700 2337 792 2395 sexta
810 2329 1067 2408 uniuscujusque
1085 2329 1214 2392 mensis

399 2460 447 2539 (h)
472 2463 528 2525 Bis
558 2463 593 2525 in
622 2462 830 2526 hebdomada
854 2471 1002 2541 tempore
1028 2462 1311 2540 Quadragesimae,
1340 2469 1374 2524 et
1404 2479 1461 2538 per

312 2599 458 2642 mensem
473 2579 673 2642 Marianam.

400 2711 437 2789 (i)
462 2712 567 2775 Semel
587 2712 623 2775 in
642 2711 850 2775 hebdomada
871 2712 906 2775 in
926 2711 1066 2775 ecclesiis
1086 2711 1144 2775 ubi
1165 2731 1224 2789 per
1243 2712 1359 2774 horam
1380 2710 1464 2774 inte·

315 2849 406 2907 gram
427 2828 674 2892 Sanctissimum
695 2848 715 2891 a
735 2828 884 2891 fidelibus
905 2828 1109 2892 adorandum
1130 2828 1312 2906 exponitur,
1337 2825 1463 2908 (“Holy

316 2942 457 3020 Hour'’).

400 3076 440 3155 (j)
464 3077 531 3140 Sub
578 3076 643 3139 fine
680 3077 858 3140 sessionum
895 3078 1203 3141 confraternitatum
1242 3097 1326 3157 quae
1362 3077 1463 3156 vulgo

316 3194 530 3258 “Sodalities'’
551 3203 721 3257 vocantur.
768 3193 858 3272 (Syn.
879 3195 930 3268 V.,
954 3198 1026 3272 112;
1053 3194 1134 3258 Can.
1156 3192 1259 3270 1274.)

359 3380 428 3442 123.
473 3376 685 3440 Meminerint
703 3377 886 3441 sacerdotes
903 3398 970 3439 non
987 3378 1081 3440 licere
1102 3377 1368 3441 Benedictionem
1388 3397 1463 3440 cum

316 3495 371 3558 SS.
386 3494 596 3557 Sacramento
613 3494 799 3556 solemniter
813 3494 979 3572 impertire
994 3494 1056 3557 nisi
1073 3494 1108 3556 in
1123 3494 1238 3556 diebus
1255 3493 1463 3571 supradictis;

315 3611 433 3691 quodsi
447 3610 595 3690 parochis
609 3610 777 3674 ulteriores
794 3610 968 3673 famdtates
985 3610 1135 3689 expedire
1147 3609 1323 3673 videantur
1335 3611 1378 3673 ad
1393 3610 1463 3672 Nos

314 3748 477 3792 recurrere
486 3734 630 3805 oportet;
647 3747 753 3806 neque
763 3727 838 3790 licet
850 3727 1115 3790 Benedictionem
1125 3727 1176 3790 bis
1189 3727 1225 3788 in
1237 3729 1351 3791 eodem
1364 3728 1416 3791 die
1429 3728 1464 3790 in

317 3845 433 3925 quavis
446 3844 579 3908 ecclesia
592 3845 644 3907 vel
658 3845 799 3909 oratorio
812 3845 976 3923 impertire
989 3845 1051 3907 nisi
1065 3865 1123 3924 per
1133 3845 1297 3908 Octavam
1310 3844 1464 3923 Corporis

318 3961 442 4027 Christi
459 3969 494 4024 et
511 3968 659 4039 tempore
677 3960 849 4024 Sacrarum
863 3961 1063 4024 missionum.
1077 3941 1079 3944 ’
1111 3960 1200 4040 (Syn.
1215 3961 1265 4034 V.,
1286 3959 1369 4039 113.)

362 4136 430 4198 124.
476 4134 587 4197 Praxis
612 4134 758 4212 piissima
782 4134 938 4198 visitandi
964 4134 1143 4197 Dominum
1169 4135 1328 4199 Nostrum
1353 4135 1465 4213 Jesum

318 4251 511 4335 Christum„
534 4250 569 4313 in
604 4250 658 4313 SS.
697 4251 906 4314 Sacramento
949 4252 1167 4315 indesinenter
1207 4261 1405 4326 manentem,
1443 4272 1464 4316 a
