3538 5190
303 543 345 604 52
710 559 754 603 nn
776 559 896 604 D1V1N0
918 559 1039 604 como.

346 739 415 804 128.
459 739 531 816 Quo
562 738 672 802 fideles
703 738 847 802 exactius
878 759 917 802 ac
948 739 1102 820 libentius
1134 738 1264 802 Divinis
1294 739 1447 803 intersint

303 855 433 930 Officiis,
449 856 529 918 haec
544 855 654 918 omnia
667 856 748 918 hora
763 863 900 929 statuta,
916 876 976 934 pro
990 857 1135 918 locorum
1149 855 1314 934 adjunctis
1329 875 1447 934 oppor-

301 981 393 1047 tuna,
418 992 521 1052 eaque
543 972 697 1050 praecisa,
721 971 922 1046 inchoentur,
947 992 1007 1035 nec
1029 971 1153 1035 diutius
1175 992 1214 1035 ex
1237 980 1446 1050 praepostera

303 1088 427 1166 pietate
439 1089 682 1166 protrahantur.
729 1086 819 1166 (Syn.
835 1088 892 1162 11„
909 1086 993 1166 134.)

347 1231 415 1302 129.
460 1237 660 1300 Mandamus
676 1245 716 1300 ut
732 1237 833 1301 missa
855 1246 990 1302 cantata
1011 1237 1173 1301 habeatur
1193 1238 1227 1300 in
1249 1257 1448 1318 unaquaque

303 1354 436 1444 ecclesia
473 1354 644 1432 paroeciali
684 1354 825 1418 Nostrae
867 1354 1048 1418 dioeceseos
1091 1354 1224 1432 singulis
1267 1354 1448 1417 Dominicis

303 1470 417 1534 diebus
445 1479 478 1534 et
507 1471 611 1534 Festis
639 1471 680 1534 de
707 1478 890 1548 praecepto,
920 1471 1021 1534 etiam
1048 1478 1196 1550 tempore
1223 1471 1359 1545 aestivo,
1390 1491 1448 1548 per

303 1595 413 1650 totum
427 1607 560 1650 annum.
608 1587 819 1650 Meminerint
838 1587 1020 1651 sacerdotes
1035 1587 1123 1667 quod
1137 1587 1252 1651 diebus
1268 1587 1448 1650 Dominicis

303 1712 381 1766 ante
397 1703 482 1766 hanc
500 1704 639 1766 Missam
655 1704 798 1782 aspersio
815 1724 920 1783 aquae
942 1704 1133 1767 benedictae
1156 1724 1212 1783 per
1230 1704 1448 1767 celebrantem

303 1819 493 1884 senneser.
541 1817 697 1899 (syn.V.‚
714 1818 779 1897 oo.)

348 1964 416 2027 130.
459 1963 617 2026 Vetamus
632 1983 673 2025 ne
688 1963 723 2025 in
735 1963 803 2026 ulla
816 1962 916 2041 hujus
930 1962 1112 2026 dioeceseos
1126 1962 1259 2025 ecclesia
1274 1961 1450 2040 incipiatur

303 2079 421 2142 ultima
444 2080 544 2142 missa
569 2079 684 2144 diebus
710 2079 891 2142 Dominicis
915 2088 949 2143 et
974 2079 1080 2143 Festis
1104 2079 1146 2142 de
1171 2087 1345 2157 praecepto
1369 2086 1446 2156 post

303 2195 418 2259 horam
439 2197 648 2259 undecimam
669 2217 746 2260 curn
766 2196 903 2260 dimidio
924 2205 1002 2259 ante
1024 2196 1202 2259 meridiem.

348 2348 416 2410 131.
461 2346 512 2410 Ob
539 2346 746 2409 incommoda
772 2366 811 2408 ex
838 2353 931 2409 coeto
957 2346 1102 2409 fidelium
1128 2346 1280 2409 habendo
1306 2344 1449 2408 mediam

305 2463 367 2527 sub
394 2472 525 2526 noctem
550 2463 585 2525 in
610 2463 780 2526 Natalitiis
806 2463 939 2525 Domini
964 2462 1120 2536 timenda,
1148 2462 1300 2525 nolumus
1325 2461 1450 2524 Missae

305 2579 493 2657 paroecialis
529 2579 779 2642 celebrationem
815 2579 849 2641 in
884 2579 1052 2657 praedicto
1086 2579 1172 2642 festo
1207 2578 1277 2642 sine
1312 2578 1451 2642 obtenta

305 2695 436 2759 licentia
461 2704 538 2759 ante
562 2695 677 2759 horam
703 2695 854 2775 quintam
879 2703 958 2758 ante
981 2695 1159 2758 meridiem.
1216 2692 1306 2772 (Syn.
1333 2694 1370 2768 I.,
1399 2695 1451 2770 15;
1554 2713 1560 2723 ·

306 2813 388 2876 Can.
408 2810 494 2889 821.)

349 2956 417 3018 132.
462 2954 601 3031 Singulis
622 2953 746 3028 diebus,
770 2962 932 3041 quantum
953 2952 1022 3014 fieri
1044 2952 1174 3031 poterit,
1199 2952 1451 3014 Sacrosanctum

306 3070 505 3134 Sacrificirnn
539 3069 654 3132 offerre
689 3070 844 3134 studeant
877 3069 1071 3142 sacerdotes,
1106 3088 1246 3148 suosque
1276 3067 1451 3130 hortentur

304 3195 344 3250 ut
373 3186 524 3257 intersint
553 3186 738 3249 istiusmodi
767 3186 975 3248 celebrationi
1005 3184 1152 3265 quotidie
1181 3193 1240 3247 aut
1270 3184 1387 3246 saltem
1417 3183 1452 3245 in

306 3303 411 3366 Festis
426 3303 607 3381 praecipuis
624 3322 708 3382 quae
724 3302 878 3365 dicuntur
893 3301 1085 3364 devotionis
1133 3297 1223 3379 (Syn.
1243 3301 1300 3375 II.‚
1321 3297 1405 3376 137.)

349 3455 418 3517 133.
462 3453 660 3527 Sacerdotes
701 3452 859 3532 quamdiu
898 3451 1036 3513 Missam
1074 3451 1186 3528 legunt
1224 3450 1277 3512 vel
1316 3457 1449 3523 canunt,

305 3589 474 3649 nunquam
487 3570 530 3632 ab
543 3569 638 3632 altari
651 3561 859 3642 descendant,
873 3567 935 3630 nisi
948 3567 1081 3648 quando
1098 3567 1132 3629 id
1149 3565 1308 3644 praecipit
1322 3565 1451 3628 rubrica

306 3694 365 3750 aut
385 3686 428 3749 ad
448 3685 635 3748 concionem
655 3684 863 3747 adstantibus
882 3684 1081 3760 habendam;
1101 3682 1289 3745 nullomodo
1308 3701 1387 3744 vero
1407 3681 1451 3744 ad

306 3804 526 3881 eleemosynas
543 3822 563 3864 a
578 3800 727 3864 fidelibus
743 3800 910 3879 petendas,
929 3808 988 3863 aut
1005 3799 1085 3879 quid
1101 3799 1204 3862 simile
1220 3797 1450 3877 peragendum.

307 3920 348 3982 In
365 3919 581 3982 celebratione
597 3937 701 3997 aeque
717 3917 842 3980 vitetur
859 3916 1026 3979 festinatio
1043 3915 1154 3990 nimia,
1173 3935 1257 3995 quae
1275 3915 1344 3977 sine
1361 3932 1453 3976 scan-

307 4035 382 4098 dalo
399 4054 468 4098 esse
484 4035 608 4115 nequit,
628 4041 661 4096 et
679 4034 850 4097 fastidiosa
866 4032 1043 4112 prolixitas.
1090 4030 1180 4111 (Syn.
1198 4031 1254 4107 II.,
1274 4033 1343 4107 150,
1365 4028 1450 4106 152.)

350 4187 418 4250 134.
463 4186 543 4248 Post
553 4204 662 4263 preces
674 4183 833 4280 Leoninas
846 4182 881 4244 in
893 4182 958 4244 fine
972 4182 1095 4244 Missae
1105 4182 1218 4260 lectae,
1231 4180 1454 4260 quandocum-

307 4322 371 4381 que
396 4302 553 4365 dicendae
578 4309 666 4380 sunt,
684 4321 723 4364 ac
749 4299 877 4380 quoties
902 4287 1052 4362 fidelibus
1078 4297 1268 4361 Benedictio
1295 4317 1370 4360 cum
1397 4295 1452 4360 SS.
