3538 5190
747 603 1046 649 cousruumonns.
1430 586 1469 648 61

323 781 393 844 sive
415 781 450 844 in
471 781 641 845 individuo
663 781 731 845 sive
753 781 788 844 in
810 781 975 845 communi
998 782 1224 860 approbatam,
1249 801 1303 844 eos
1325 781 1368 844 ad
1390 781 1471 843 alias

323 899 450 962 scholas
466 899 598 962 mittere
614 899 692 977 ipsis
708 899 814 962 liceat.
862 896 952 976 (Syn.
973 899 1114 974 1v‚‚30;
1144 898 1226 962 Can.
1247 897 1351 976 1374.)

366 1033 435 1095 167.
479 1031 640 1094 Omnibus
681 1031 716 1094 in
757 1030 874 1094 scholis
915 1029 1014 1109 hujus
1058 1031 1249 1094 Dioeceseos
1289 1031 1470 1094 inculcetur

322 1147 493 1226 speciatim
517 1149 629 1227 lingua
653 1147 789 1226 anglica,
813 1155 931 1226 utpote
957 1167 1062 1211 sermo
1086 1148 1236 1226 regionis.

646 1362 700 1424 Da
716 1363 845 1425 Pharus
860 1361 1147 1424 Curncnnmrms.

367 1512 436 1574 168.
481 1511 572 1574 Nihil
592 1531 660 1574 non
680 1519 810 1575 tentent
834 1511 968 1590 parochi
993 1531 1058 1590 quo
1084 1530 1200 1589 pueros
1226 1510 1402 1574 catholicos
1427 1509 1471 1573 ad

322 1626 518 1692 catechesim
543 1636 577 1691 et
603 1628 756 1702 scholam,
776 1628 829 1691 vel
859 1627 1086 1691 dominicalem
1114 1627 1167 1690 vel
1207 1647 1292 1706 quae
1329 1625 1471 1690 habetur

324 1742 438 1806 diebus
466 1743 641 1819 ferialibus,
671 1751 799 1807 statuto
827 1751 974 1822 tempore
1001 1743 1149 1820 trahant;
1190 1752 1341 1822 parentes
1369 1743 1470 1806 etiam

323 1860 475 1922 omnibus
496 1839 616 1939 quibus
637 1867 792 1939 poterunt
813 1860 919 1923 modis
940 1858 1098 1924 inducant
1118 1866 1158 1923 ut
1180 1867 1289 1939 partes
1311 1879 1386 1922 suas
1407 1861 1470 1924 hac

322 1975 358 2039 in
371 1996 406 2039 re
419 1995 487 2039 non
501 1976 674 2055 negligant.
698 2044 700 2048 ,
722 1975 814 2055 (Syn.
834 1976 892 2055 11,
911 1978 965 2053 26;
988 1975 1070 2038 Can.
1089 1975 1194 2053 1335.)

366 2111 435 2174 169.
479 2111 520 2173 In
540 2109 656 2173 scholis
670 2109 926 2184 dominicalibus
941 2109 1054 2172 aliisve
1073 2109 1236 2187 religiosis,
1252 2109 1470 2174 instituantur

322 2226 454 2304 probati
477 2226 625 2304 magistri
650 2226 711 2290 sub
737 2226 913 2289 directione
939 2225 1072 2304 parochi
1093 2226 1146 2289 vel
1172 2225 1243 2304 ejus
1257 2225 1468 2302 vicariorum;

322 2341 379 2404 sed
400 2349 435 2406 et
457 2342 639 2406 sacerdotes
661 2343 732 2421 ipsi,
756 2349 790 2406 et
812 2343 1002 2420 praesertim
1024 2343 1158 2421 parochi
1186 2362 1244 2421 per
1265 2361 1300 2405 se
1321 2361 1380 2421 pro
1410 2361 1470 2404 sua

322 2465 416 2537 parte
440 2457 517 2521 huic
541 2459 742 2522 institutioni
766 2459 846 2522 dent
871 2478 1018 2538 operam;
1055 2478 1115 2521 nec
1141 2466 1259 2536 putent
1286 2458 1348 2521 sibi
1372 2457 1469 2521 licere

323 2593 408 2653 quae
423 2575 566 2638 muneris
583 2575 633 2638 sui
650 2583 727 2638 sunt
744 2574 912 2654 negligere,
931 2574 1053 2652 rejecto
1069 2574 1105 2637 in
1121 2575 1201 2638 alios
1218 2594 1315 2637 onere
1331 2575 1468 2653 juvenes

321 2691 466 2771 aliosque
483 2691 580 2755 rudes
598 2691 763 2755 edocendi.
810 2689 1053 2770 (syn.11.,27;
1084 2692 1226 2769 1v.,33;
1257 2690 1339 2754 Can.
1362 2690 1467 2768 1333.)

367 2825 435 2888 170.
479 2823 610 2903 Ubique
639 2844 696 2902 per
725 2823 906 2898 dioecesim,
934 2823 991 2887 sed
1015 2823 1223 2902 potissimum
1252 2823 1287 2887 in
1312 2823 1470 2902 paroeciis

322 2939 492 3020 hucusque
529 2941 654 3003 scholas
690 2940 866 3004 catholicas
900 2959 968 3003 non
1002 2939 1210 3015 habentibus,
1246 2941 1470 3004 instaurentur

324 3057 452 3120 scholae
484 3056 693 3121 dominicales
725 3056 760 3119 in
792 3056 911 3136 quibus
943 3056 1035 3135 pueri
1067 3066 1101 3121 et
1140 3057 1266 3134 puellae
1308 3057 1468 3135 principia

322 3172 398 3236 fidei
427 3182 461 3236 et
490 3174 620 3252 regulae
647 3173 738 3236 vitae
767 3172 973 3236 Christianae
1002 3172 1190 3236 doceantur.
1235 3174 1406 3236 Praeterea
1435 3173 1470 3235 in

322 3309 520 3370 unaquaque
538 3289 696 3368 paroecia,
709 3290 798 3353 nulla
813 3297 957 3368 excepta,
973 3309 1032 3367 pro
1049 3289 1088 3351 iis
1106 3289 1163 3370 qui
1181 3290 1306 3352 scholas
1322 3289 1469 3368 publicas

323 3406 485 3470 celebrent
515 3405 726 3484 provideatur
755 3414 789 3468 et
819 3405 883 3468 alia
913 3406 1023 3469 schola
1052 3405 1088 3467 in
1117 3425 1192 3485 qua,
1224 3406 1323 3468 semel
1352 3407 1470 3469 saltem

324 3521 358 3584 in
375 3522 590 3597 hebdomada,
608 3523 665 3586 isti
681 3522 772 3601 pueri
790 3522 980 3601 puellaeque
996 3542 1063 3585 non
1079 3530 1213 3586 tantum
1225 3542 1265 3585 ea
1282 3542 1368 3602 quae
1384 3522 1469 3586 scitu

323 3638 503 3702 necessaria
515 3647 592 3702 sunt
602 3647 643 3702 ut
654 3658 789 3717 capaces
800 3638 953 3717 dignique
965 3638 1150 3702 habeantur
1160 3637 1217 3717 qui
1228 3647 1470 3702 sacramentum

323 3755 579 3820 confirmationis
613 3754 772 3835 recipiant
804 3754 870 3828 sed,
904 3773 961 3833 per
992 3753 1074 3818 duos
1106 3755 1223 3818 saltem
1258 3774 1361 3818 annos
1392 3763 1469 3834 post

322 3870 613 3945 confimrationem,
632 3879 666 3934 et
682 3870 839 3950 dogmata
855 3877 889 3934 et
906 3889 1042 3933 munera
1065 3869 1253 3934 Christiana
1274 3890 1335 3934 nec
1350 3890 1419 3934 non
1435 3878 1469 3935 et

323 3987 473 4051 notiones
501 3986 543 4050 de
571 3987 707 4051 historia
737 4006 828 4051 sacra
857 3993 891 4050 et
921 3985 1138 4050 ecclesiastica
1171 3986 1328 4051 ediscant.
1374 3985 1467 4066 (Syn.

325 4103 469 4182 1v.‚32;
493 4103 534 4183 V,
555 4102 619 4181 17.)
