<?xml version="1.0" encoding="UTF-8"?>
<!DOCTYPE html PUBLIC "-//W3C//DTD XHTML 1.0 Transitional//EN"
    "http://www.w3.org/TR/xhtml1/DTD/xhtml1-transitional.dtd">
<html xmlns="http://www.w3.org/1999/xhtml" xml:lang="en" lang="en">
 <head>
  <title>
</title>
<meta http-equiv="Content-Type" content="text/html;charset=utf-8" />
  <meta name='ocr-system' content='tesseract 3.04.00' />
  <meta name='ocr-capabilities' content='ocr_page ocr_carea ocr_par ocr_line ocrx_word'/>
</head>
<body>
  <div class='ocr_page' id='page_1' title='image "./constitutionesd00churgoog_0067.png"; bbox 0 0 3538 5190; ppageno 0'>
   <div class='ocr_carea' id='block_1_1' title="bbox 315 586 1177 649">
    <p class='ocr_par' dir='ltr' id='par_1_1' title="bbox 315 586 1177 649">
     <span class='ocr_line' id='line_1_1' title="bbox 315 586 1177 649; baseline -0.002 -1"><span class='ocrx_word' id='word_1_1' title='bbox 315 586 358 648; x_wconf 85' lang='lat'>56</span> <span class='ocrx_word' id='word_1_2' title='bbox 603 602 648 648; x_wconf 81' lang='lat' dir='ltr'>nn</span> <span class='ocrx_word' id='word_1_3' title='bbox 669 601 881 649; x_wconf 72' lang='lat' dir='ltr'>morsrnmo</span> <span class='ocrx_word' id='word_1_4' title='bbox 903 601 1177 648; x_wconf 75' lang='lat' dir='ltr'>nccsssrssrrco</span> 
     </span>
    </p>
   </div>
   <div class='ocr_carea' id='block_1_2' title="bbox 315 781 1461 1210">
    <p class='ocr_par' dir='ltr' id='par_1_2' title="bbox 315 781 1461 1210">
     <span class='ocr_line' id='line_1_2' title="bbox 315 781 1459 862; baseline 0 -16"><span class='ocrx_word' id='word_1_5' title='bbox 315 803 424 858; x_wconf 86' lang='lat' dir='ltr'>causa,</span> <span class='ocrx_word' id='word_1_6' title='bbox 443 783 486 847; x_wconf 95' lang='lat' dir='ltr'>ob</span> <span class='ocrx_word' id='word_1_7' title='bbox 504 802 637 862; x_wconf 85' lang='lat' dir='ltr'>gravem</span> <span class='ocrx_word' id='word_1_8' title='bbox 653 782 814 846; x_wconf 90' lang='lat' dir='ltr'>rationem</span> <span class='ocrx_word' id='word_1_9' title='bbox 830 801 853 845; x_wconf 86' lang='lat' dir='ltr'>a</span> <span class='ocrx_word' id='word_1_10' title='bbox 869 781 974 845; x_wconf 93' lang='lat' dir='ltr'>Nobis</span> <span class='ocrx_word' id='word_1_11' title='bbox 991 781 1026 844; x_wconf 93' lang='lat' dir='ltr'>in</span> <span class='ocrx_word' id='word_1_12' title='bbox 1042 800 1120 844; x_wconf 88' lang='lat' dir='ltr'>casu</span> <span class='ocrx_word' id='word_1_13' title='bbox 1137 782 1228 845; x_wconf 86' lang='lat' dir='ltr'>dubii</span> <span class='ocrx_word' id='word_1_14' title='bbox 1246 782 1459 861; x_wconf 84' lang='lat' dir='ltr'>probandam,</span> 
     </span>
     <span class='ocr_line' id='line_1_3' title="bbox 316 898 1461 979; baseline 0 -16"><span class='ocrx_word' id='word_1_15' title='bbox 316 901 352 963; x_wconf 92' lang='lat' dir='ltr'>in</span> <span class='ocrx_word' id='word_1_16' title='bbox 383 900 638 964; x_wconf 83' lang='lat' dir='ltr'>acatholicorum</span> <span class='ocrx_word' id='word_1_17' title='bbox 669 898 846 973; x_wconf 80' lang='lat' dir='ltr'>funeribus,</span> <span class='ocrx_word' id='word_1_18' title='bbox 877 898 1001 976; x_wconf 89' lang='lat' dir='ltr'>nuptiis</span> <span class='ocrx_word' id='word_1_19' title='bbox 1035 898 1258 979; x_wconf 87' lang='lat' dir='ltr'>similibusque</span> <span class='ocrx_word' id='word_1_20' title='bbox 1287 900 1461 965; x_wconf 90' lang='lat' dir='ltr'>sollemniis</span> 
     </span>
     <span class='ocr_line' id='line_1_4' title="bbox 315 1013 1459 1095; baseline 0 -15"><span class='ocrx_word' id='word_1_21' title='bbox 315 1017 496 1080; x_wconf 91' lang='lat' dir='ltr'>dummodo</span> <span class='ocrx_word' id='word_1_22' title='bbox 527 1015 740 1095; x_wconf 84' lang='lat' dir='ltr'>perversionis</span> <span class='ocrx_word' id='word_1_23' title='bbox 771 1023 805 1078; x_wconf 91' lang='lat' dir='ltr'>et</span> <span class='ocrx_word' id='word_1_24' title='bbox 836 1015 981 1078; x_wconf 85' lang='lat' dir='ltr'>scandali</span> <span class='ocrx_word' id='word_1_25' title='bbox 1011 1015 1189 1094; x_wconf 86' lang='lat' dir='ltr'>periculum</span> <span class='ocrx_word' id='word_1_26' title='bbox 1221 1016 1317 1079; x_wconf 89' lang='lat' dir='ltr'>absit.</span> <span class='ocrx_word' id='word_1_27' title='bbox 1365 1013 1459 1093; x_wconf 87' lang='lat' dir='ltr'>(Can.</span> 
     </span>
     <span class='ocr_line' id='line_1_5' title="bbox 319 1132 424 1210; baseline 0.01 -14"><span class='ocrx_word' id='word_1_28' title='bbox 319 1132 424 1210; x_wconf 88' lang='lat'>1258.)</span> 
     </span>
    </p>
   </div>
   <div class='ocr_carea' id='block_1_3' title="bbox 722 1315 1056 1388">
    <p class='ocr_par' dir='ltr' id='par_1_3' title="bbox 722 1315 1056 1388">
     <span class='ocr_line' id='line_1_6' title="bbox 722 1315 1056 1388; baseline -0.003 -2"><span class='ocrx_word' id='word_1_29' title='bbox 722 1315 930 1388; x_wconf 80' lang='lat' dir='ltr'>TITULUS</span> <span class='ocrx_word' id='word_1_30' title='bbox 951 1316 1056 1386; x_wconf 79' lang='lat' dir='ltr'>xlv.</span> 
     </span>
    </p>
   </div>
   <div class='ocr_carea' id='block_1_4' title="bbox 556 1476 1226 1556">
    <p class='ocr_par' dir='ltr' id='par_1_4' title="bbox 556 1476 1226 1556">
     <span class='ocr_line' id='line_1_7' title="bbox 556 1476 1226 1556; baseline 0 -12"><span class='ocrx_word' id='word_1_31' title='bbox 556 1476 619 1546; x_wconf 88' lang='lat' dir='ltr'>De</span> <span class='ocrx_word' id='word_1_32' title='bbox 641 1476 881 1556; x_wconf 65' lang='lat' dir='ltr'>Madlsterlo</span> <span class='ocrx_word' id='word_1_33' title='bbox 904 1476 1226 1547; x_wconf 75' lang='lat' dir='ltr'>Ecclesiastico.</span> 
     </span>
    </p>
   </div>
   <div class='ocr_carea' id='block_1_5' title="bbox 317 1629 1466 2643">
    <p class='ocr_par' dir='ltr' id='par_1_5' title="bbox 317 1629 1466 2643">
     <span class='ocr_line' id='line_1_8' title="bbox 363 1629 1463 1709; baseline -0.002 -16"><span class='ocrx_word' id='word_1_34' title='bbox 363 1632 430 1694; x_wconf 87' lang='lat'>149.</span> <span class='ocrx_word' id='word_1_35' title='bbox 475 1631 584 1709; x_wconf 86' lang='lat' dir='ltr'>Quum</span> <span class='ocrx_word' id='word_1_36' title='bbox 601 1631 682 1694; x_wconf 81' lang='lat' dir='ltr'>fides</span> <span class='ocrx_word' id='word_1_37' title='bbox 700 1630 742 1693; x_wconf 93' lang='lat' dir='ltr'>sit</span> <span class='ocrx_word' id='word_1_38' title='bbox 761 1630 894 1693; x_wconf 91' lang='lat' dir='ltr'>omnino</span> <span class='ocrx_word' id='word_1_39' title='bbox 918 1629 962 1693; x_wconf 91' lang='lat' dir='ltr'>ad</span> <span class='ocrx_word' id='word_1_40' title='bbox 987 1630 1127 1693; x_wconf 89' lang='lat' dir='ltr'>salutem</span> <span class='ocrx_word' id='word_1_41' title='bbox 1149 1629 1337 1704; x_wconf 86' lang='lat' dir='ltr'>necessaria,</span> <span class='ocrx_word' id='word_1_42' title='bbox 1359 1648 1463 1693; x_wconf 89' lang='lat' dir='ltr'>sacer-</span> 
     </span>
     <span class='ocr_line' id='line_1_9' title="bbox 317 1746 1465 1826; baseline -0.002 -16"><span class='ocrx_word' id='word_1_43' title='bbox 317 1747 412 1811; x_wconf 83' lang='lat' dir='ltr'>dotes</span> <span class='ocrx_word' id='word_1_44' title='bbox 439 1767 567 1826; x_wconf 84' lang='lat' dir='ltr'>gregem</span> <span class='ocrx_word' id='word_1_45' title='bbox 592 1747 654 1810; x_wconf 86' lang='lat' dir='ltr'>sibi</span> <span class='ocrx_word' id='word_1_46' title='bbox 679 1747 839 1810; x_wconf 88' lang='lat' dir='ltr'>ereditum</span> <span class='ocrx_word' id='word_1_47' title='bbox 863 1747 940 1811; x_wconf 92' lang='lat' dir='ltr'>fidei</span> <span class='ocrx_word' id='word_1_48' title='bbox 965 1747 1143 1810; x_wconf 87' lang='lat' dir='ltr'>catholicae</span> <span class='ocrx_word' id='word_1_49' title='bbox 1168 1747 1309 1826; x_wconf 88' lang='lat' dir='ltr'>pretium</span> <span class='ocrx_word' id='word_1_50' title='bbox 1334 1746 1465 1809; x_wconf 87' lang='lat' dir='ltr'>inaesti-</span> 
     </span>
     <span class='ocr_line' id='line_1_10' title="bbox 318 1862 1463 1943; baseline -0.002 -17"><span class='ocrx_word' id='word_1_51' title='bbox 318 1864 439 1926; x_wconf 90' lang='lat' dir='ltr'>mabile</span> <span class='ocrx_word' id='word_1_52' title='bbox 465 1864 617 1940; x_wconf 90' lang='lat' dir='ltr'>doceant;</span> <span class='ocrx_word' id='word_1_53' title='bbox 655 1864 791 1943; x_wconf 83' lang='lat' dir='ltr'>ejusque</span> <span class='ocrx_word' id='word_1_54' title='bbox 816 1871 930 1927; x_wconf 89' lang='lat' dir='ltr'>sancta</span> <span class='ocrx_word' id='word_1_55' title='bbox 956 1863 1114 1942; x_wconf 86' lang='lat' dir='ltr'>principia</span> <span class='ocrx_word' id='word_1_56' title='bbox 1139 1863 1286 1926; x_wconf 91' lang='lat' dir='ltr'>omnium</span> <span class='ocrx_word' id='word_1_57' title='bbox 1312 1862 1463 1926; x_wconf 89' lang='lat' dir='ltr'>cordibus</span> 
     </span>
     <span class='ocr_line' id='line_1_11' title="bbox 317 1979 1463 2061; baseline -0.003 -17"><span class='ocrx_word' id='word_1_58' title='bbox 317 1980 423 2058; x_wconf 88' lang='lat' dir='ltr'>magis</span> <span class='ocrx_word' id='word_1_59' title='bbox 433 1980 603 2061; x_wconf 86' lang='lat' dir='ltr'>magisque</span> <span class='ocrx_word' id='word_1_60' title='bbox 615 2001 675 2059; x_wconf 92' lang='lat' dir='ltr'>pro</span> <span class='ocrx_word' id='word_1_61' title='bbox 686 1980 811 2044; x_wconf 85' lang='lat' dir='ltr'>viribus</span> <span class='ocrx_word' id='word_1_62' title='bbox 823 1980 1023 2059; x_wconf 81' lang='lat' dir='ltr'>imprimant.</span> <span class='ocrx_word' id='word_1_63' title='bbox 1068 1980 1186 2043; x_wconf 86' lang='lat' dir='ltr'>Sedulo</span> <span class='ocrx_word' id='word_1_64' title='bbox 1199 1988 1232 2043; x_wconf 89' lang='lat' dir='ltr'>et</span> <span class='ocrx_word' id='word_1_65' title='bbox 1245 1979 1463 2043; x_wconf 79' lang='lat' dir='ltr'>indesinenter</span> 
     </span>
     <span class='ocr_line' id='line_1_12' title="bbox 317 2095 1464 2176; baseline -0.003 -16"><span class='ocrx_word' id='word_1_66' title='bbox 317 2097 458 2160; x_wconf 90' lang='lat' dir='ltr'>doceant</span> <span class='ocrx_word' id='word_1_67' title='bbox 483 2097 648 2162; x_wconf 90' lang='lat' dir='ltr'>neminem</span> <span class='ocrx_word' id='word_1_68' title='bbox 673 2116 768 2176; x_wconf 88' lang='lat' dir='ltr'>posse</span> <span class='ocrx_word' id='word_1_69' title='bbox 793 2097 898 2160; x_wconf 89' lang='lat' dir='ltr'>officio</span> <span class='ocrx_word' id='word_1_70' title='bbox 923 2116 1036 2159; x_wconf 89' lang='lat' dir='ltr'>veram</span> <span class='ocrx_word' id='word_1_71' title='bbox 1061 2096 1160 2160; x_wconf 90' lang='lat' dir='ltr'>fidem</span> <span class='ocrx_word' id='word_1_72' title='bbox 1185 2096 1403 2174; x_wconf 89' lang='lat' dir='ltr'>amplectendi</span> <span class='ocrx_word' id='word_1_73' title='bbox 1429 2095 1464 2157; x_wconf 90' lang='lat' dir='ltr'>in</span> 
     </span>
     <span class='ocr_line' id='line_1_13' title="bbox 319 2212 1464 2293; baseline 0 -17"><span class='ocrx_word' id='word_1_74' title='bbox 319 2233 423 2293; x_wconf 89' lang='lat' dir='ltr'>eaque</span> <span class='ocrx_word' id='word_1_75' title='bbox 447 2221 634 2278; x_wconf 81' lang='lat' dir='ltr'>constanter</span> <span class='ocrx_word' id='word_1_76' title='bbox 658 2213 885 2292; x_wconf 88' lang='lat' dir='ltr'>perseverandi</span> <span class='ocrx_word' id='word_1_77' title='bbox 909 2213 1095 2276; x_wconf 84' lang='lat' dir='ltr'>satisfacere</span> <span class='ocrx_word' id='word_1_78' title='bbox 1117 2213 1180 2276; x_wconf 91' lang='lat' dir='ltr'>nisi</span> <span class='ocrx_word' id='word_1_79' title='bbox 1202 2233 1239 2276; x_wconf 86' lang='lat' dir='ltr'>se</span> <span class='ocrx_word' id='word_1_80' title='bbox 1263 2212 1464 2291; x_wconf 87' lang='lat' dir='ltr'>subjiciendo</span> 
     </span>
     <span class='ocr_line' id='line_1_14' title="bbox 319 2328 1464 2405; baseline -0.002 -12"><span class='ocrx_word' id='word_1_81' title='bbox 319 2330 510 2393; x_wconf 85' lang='lat' dir='ltr'>auctoritati</span> <span class='ocrx_word' id='word_1_82' title='bbox 545 2330 684 2394; x_wconf 87' lang='lat' dir='ltr'>Sanctae</span> <span class='ocrx_word' id='word_1_83' title='bbox 718 2331 888 2393; x_wconf 88' lang='lat' dir='ltr'>Romanae</span> <span class='ocrx_word' id='word_1_84' title='bbox 923 2330 1094 2405; x_wconf 86' lang='lat' dir='ltr'>Ecclesiae,</span> <span class='ocrx_word' id='word_1_85' title='bbox 1132 2329 1276 2393; x_wconf 90' lang='lat' dir='ltr'>custodis</span> <span class='ocrx_word' id='word_1_86' title='bbox 1310 2328 1464 2392; x_wconf 84' lang='lat' dir='ltr'>nimirum</span> 
     </span>
     <span class='ocr_line' id='line_1_15' title="bbox 317 2445 1465 2526; baseline -0.001 -17"><span class='ocrx_word' id='word_1_87' title='bbox 317 2447 586 2525; x_wconf 87' lang='lat' dir='ltr'>vigilantissimae</span> <span class='ocrx_word' id='word_1_88' title='bbox 597 2455 631 2510; x_wconf 89' lang='lat' dir='ltr'>et</span> <span class='ocrx_word' id='word_1_89' title='bbox 642 2447 817 2526; x_wconf 85' lang='lat' dir='ltr'>magistrae</span> <span class='ocrx_word' id='word_1_90' title='bbox 828 2446 1005 2509; x_wconf 77' lang='lat' dir='ltr'>irfiallihilis</span> <span class='ocrx_word' id='word_1_91' title='bbox 1016 2446 1115 2510; x_wconf 87' lang='lat' dir='ltr'>Verbi</span> <span class='ocrx_word' id='word_1_92' title='bbox 1126 2445 1465 2522; x_wconf 77' lang='lat' dir='ltr'>Revelati3neminem</span> 
     </span>
     <span class='ocr_line' id='line_1_16' title="bbox 320 2557 1466 2643; baseline 0.001 -17"><span class='ocrx_word' id='word_1_93' title='bbox 320 2563 455 2642; x_wconf 90' lang='lat' dir='ltr'>proinde</span> <span class='ocrx_word' id='word_1_94' title='bbox 466 2583 560 2643; x_wconf 89' lang='lat' dir='ltr'>posse</span> <span class='ocrx_word' id='word_1_95' title='bbox 568 2563 727 2626; x_wconf 90' lang='lat' dir='ltr'>mandata</span> <span class='ocrx_word' id='word_1_96' title='bbox 737 2563 900 2627; x_wconf 89' lang='lat' dir='ltr'>Ecclesiae</span> <span class='ocrx_word' id='word_1_97' title='bbox 910 2563 1100 2639; x_wconf 87' lang='lat' dir='ltr'>detrectare,</span> <span class='ocrx_word' id='word_1_98' title='bbox 1112 2561 1193 2642; x_wconf 91' lang='lat' dir='ltr'>quin</span> <span class='ocrx_word' id='word_1_99' title='bbox 1204 2570 1238 2626; x_wconf 87' lang='lat' dir='ltr'>et</span> <span class='ocrx_word' id='word_1_100' title='bbox 1252 2557 1315 2625; x_wconf 89' lang='lat' dir='ltr'>Dei</span> <span class='ocrx_word' id='word_1_101' title='bbox 1325 2561 1466 2627; x_wconf 66' lang='lat' dir='ltr'>anctori=</span> 
     </span>
    </p>
   </div>
   <div class='ocr_carea' id='block_1_6' title="bbox 319 2679 1261 2760">
    <p class='ocr_par' dir='ltr' id='par_1_6' title="bbox 319 2679 1261 2760">
     <span class='ocr_line' id='line_1_17' title="bbox 319 2679 1261 2760; baseline -0.002 -16"><span class='ocrx_word' id='word_1_102' title='bbox 319 2680 384 2745; x_wconf 87' lang='lat' dir='ltr'>tati</span> <span class='ocrx_word' id='word_1_103' title='bbox 401 2681 541 2744; x_wconf 91' lang='lat' dir='ltr'>resistat.</span> <span class='ocrx_word' id='word_1_104' title='bbox 588 2680 679 2760; x_wconf 85' lang='lat' dir='ltr'>(Syn.</span> <span class='ocrx_word' id='word_1_105' title='bbox 699 2681 755 2756; x_wconf 76' lang='lat'>11,</span> <span class='ocrx_word' id='word_1_106' title='bbox 776 2683 808 2757; x_wconf 87' lang='lat'>5;</span> <span class='ocrx_word' id='word_1_107' title='bbox 838 2681 888 2755; x_wconf 93' lang='lat' dir='ltr'>V.,</span> <span class='ocrx_word' id='word_1_108' title='bbox 908 2683 941 2758; x_wconf 86' lang='lat'>3;</span> <span class='ocrx_word' id='word_1_109' title='bbox 972 2680 1053 2744; x_wconf 84' lang='lat' dir='ltr'>Can.</span> <span class='ocrx_word' id='word_1_110' title='bbox 1075 2679 1180 2758; x_wconf 85' lang='lat'><strong>1322.)</strong></span> <span class='ocrx_word' id='word_1_111' title='bbox 1257 2721 1261 2724; x_wconf 94' lang='lat'><em>-</em></span> 
     </span>
    </p>
   </div>
   <div class='ocr_carea' id='block_1_7' title="bbox 318 2787 1468 4426">
    <p class='ocr_par' dir='ltr' id='par_1_7' title="bbox 318 2787 1468 4176">
     <span class='ocr_line' id='line_1_18' title="bbox 364 2787 1465 2890; baseline -0.003 -12"><span class='ocrx_word' id='word_1_112' title='bbox 364 2817 432 2879; x_wconf 86' lang='lat'>150.</span> <span class='ocrx_word' id='word_1_113' title='bbox 477 2815 645 2878; x_wconf 86' lang='lat' dir='ltr'>Summam</span> <span class='ocrx_word' id='word_1_114' title='bbox 666 2787 920 2890; x_wconf 85' lang='lat' dir='ltr'>venerationem,</span> <span class='ocrx_word' id='word_1_115' title='bbox 942 2814 1172 2888; x_wconf 86' lang='lat' dir='ltr'>obedientiam,</span> <span class='ocrx_word' id='word_1_116' title='bbox 1195 2834 1235 2878; x_wconf 85' lang='lat' dir='ltr'>ac</span> <span class='ocrx_word' id='word_1_117' title='bbox 1256 2813 1465 2877; x_wconf 88' lang='lat' dir='ltr'>devotionem</span> 
     </span>
     <span class='ocr_line' id='line_1_19' title="bbox 318 2929 1465 3010; baseline -0.003 -16"><span class='ocrx_word' id='word_1_118' title='bbox 318 2951 396 3010; x_wconf 84' lang='lat' dir='ltr'>erga</span> <span class='ocrx_word' id='word_1_119' title='bbox 413 2932 601 2994; x_wconf 89' lang='lat' dir='ltr'>Romanurn</span> <span class='ocrx_word' id='word_1_120' title='bbox 619 2931 820 3006; x_wconf 88' lang='lat' dir='ltr'>Pontificem,</span> <span class='ocrx_word' id='word_1_121' title='bbox 839 2931 1004 2994; x_wconf 88' lang='lat' dir='ltr'>Vicarium</span> <span class='ocrx_word' id='word_1_122' title='bbox 1022 2931 1143 2994; x_wconf 89' lang='lat' dir='ltr'>scilicet</span> <span class='ocrx_word' id='word_1_123' title='bbox 1161 2929 1285 2994; x_wconf 75' lang='lat' dir='ltr'>Christi</span> <span class='ocrx_word' id='word_1_124' title='bbox 1301 2938 1335 2993; x_wconf 92' lang='lat' dir='ltr'>et</span> <span class='ocrx_word' id='word_1_125' title='bbox 1354 2929 1465 3007; x_wconf 85' lang='lat' dir='ltr'>Caput</span> 
     </span>
     <span class='ocr_line' id='line_1_20' title="bbox 321 3046 1466 3125; baseline -0.002 -15"><span class='ocrx_word' id='word_1_126' title='bbox 321 3047 495 3110; x_wconf 81' lang='lat' dir='ltr'>Inrahibile</span> <span class='ocrx_word' id='word_1_127' title='bbox 515 3047 619 3111; x_wconf 88' lang='lat' dir='ltr'>totius</span> <span class='ocrx_word' id='word_1_128' title='bbox 640 3047 812 3122; x_wconf 90' lang='lat' dir='ltr'>Ecclesiae,</span> <span class='ocrx_word' id='word_1_129' title='bbox 835 3048 1008 3112; x_wconf 76' lang='lat' dir='ltr'>exhibeant</span> <span class='ocrx_word' id='word_1_130' title='bbox 1031 3046 1215 3113; x_wconf 87' lang='lat' dir='ltr'>sacerdotes</span> <span class='ocrx_word' id='word_1_131' title='bbox 1240 3046 1311 3125; x_wconf 90' lang='lat' dir='ltr'>ipsi,</span> <span class='ocrx_word' id='word_1_132' title='bbox 1335 3046 1466 3125; x_wconf 88' lang='lat' dir='ltr'>suisque</span> 
     </span>
     <span class='ocr_line' id='line_1_21' title="bbox 321 3163 1465 3244; baseline -0.002 -18"><span class='ocrx_word' id='word_1_133' title='bbox 321 3164 492 3228; x_wconf 88' lang='lat' dir='ltr'>inculcent.</span> <span class='ocrx_word' id='word_1_134' title='bbox 536 3163 618 3242; x_wconf 82' lang='lat' dir='ltr'>Ejus</span> <span class='ocrx_word' id='word_1_135' title='bbox 650 3163 777 3242; x_wconf 83' lang='lat' dir='ltr'>singula</span> <span class='ocrx_word' id='word_1_136' title='bbox 809 3171 885 3228; x_wconf 85' lang='lat' dir='ltr'>acta</span> <span class='ocrx_word' id='word_1_137' title='bbox 917 3172 951 3227; x_wconf 90' lang='lat' dir='ltr'>et</span> <span class='ocrx_word' id='word_1_138' title='bbox 983 3164 1082 3238; x_wconf 86' lang='lat' dir='ltr'>dicta,</span> <span class='ocrx_word' id='word_1_139' title='bbox 1116 3163 1239 3244; x_wconf 90' lang='lat' dir='ltr'>quippe</span> <span class='ocrx_word' id='word_1_140' title='bbox 1271 3182 1356 3242; x_wconf 85' lang='lat' dir='ltr'>quae</span> <span class='ocrx_word' id='word_1_141' title='bbox 1388 3170 1465 3225; x_wconf 89' lang='lat' dir='ltr'>sunt</span> 
     </span>
     <span class='ocr_line' id='line_1_22' title="bbox 319 3279 1464 3361; baseline -0.003 -17"><span class='ocrx_word' id='word_1_142' title='bbox 319 3281 560 3360; x_wconf 89' lang='lat' dir='ltr'>sapientissima</span> <span class='ocrx_word' id='word_1_143' title='bbox 577 3281 708 3344; x_wconf 86' lang='lat' dir='ltr'>oracula</span> <span class='ocrx_word' id='word_1_144' title='bbox 726 3281 827 3344; x_wconf 88' lang='lat' dir='ltr'>etiam</span> <span class='ocrx_word' id='word_1_145' title='bbox 843 3280 977 3361; x_wconf 88' lang='lat' dir='ltr'>quando</span> <span class='ocrx_word' id='word_1_146' title='bbox 994 3301 1062 3344; x_wconf 89' lang='lat' dir='ltr'>non</span> <span class='ocrx_word' id='word_1_147' title='bbox 1080 3300 1118 3343; x_wconf 86' lang='lat' dir='ltr'>ex</span> <span class='ocrx_word' id='word_1_148' title='bbox 1136 3279 1292 3344; x_wconf 88' lang='lat' dir='ltr'>cathedra</span> <span class='ocrx_word' id='word_1_149' title='bbox 1309 3279 1464 3358; x_wconf 85' lang='lat' dir='ltr'>loquitur,</span> 
     </span>
     <span class='ocr_line' id='line_1_23' title="bbox 319 3395 1466 3476; baseline -0.003 -16"><span class='ocrx_word' id='word_1_150' title='bbox 319 3397 466 3461; x_wconf 86' lang='lat' dir='ltr'>studiose</span> <span class='ocrx_word' id='word_1_151' title='bbox 486 3397 665 3476; x_wconf 86' lang='lat' dir='ltr'>perlegant;</span> <span class='ocrx_word' id='word_1_152' title='bbox 687 3397 763 3473; x_wconf 92' lang='lat' dir='ltr'>imo,</span> <span class='ocrx_word' id='word_1_153' title='bbox 786 3397 905 3472; x_wconf 90' lang='lat' dir='ltr'>fideles,</span> <span class='ocrx_word' id='word_1_154' title='bbox 933 3405 1030 3476; x_wconf 88' lang='lat' dir='ltr'>prout</span> <span class='ocrx_word' id='word_1_155' title='bbox 1056 3416 1168 3461; x_wconf 90' lang='lat' dir='ltr'>eorum</span> <span class='ocrx_word' id='word_1_156' title='bbox 1189 3395 1327 3470; x_wconf 87' lang='lat' dir='ltr'>intersit,</span> <span class='ocrx_word' id='word_1_157' title='bbox 1354 3395 1396 3458; x_wconf 90' lang='lat' dir='ltr'>de</span> <span class='ocrx_word' id='word_1_158' title='bbox 1420 3395 1466 3457; x_wconf 87' lang='lat' dir='ltr'>eis</span> 
     </span>
     <span class='ocr_line' id='line_1_24' title="bbox 319 3511 1467 3593; baseline -0.003 -15"><span class='ocrx_word' id='word_1_159' title='bbox 319 3514 473 3578; x_wconf 83' lang='lat' dir='ltr'>certiores</span> <span class='ocrx_word' id='word_1_160' title='bbox 501 3513 624 3578; x_wconf 83' lang='lat' dir='ltr'>faciant</span> <span class='ocrx_word' id='word_1_161' title='bbox 652 3522 693 3577; x_wconf 87' lang='lat' dir='ltr'>ut</span> <span class='ocrx_word' id='word_1_162' title='bbox 722 3534 807 3593; x_wconf 89' lang='lat' dir='ltr'>quae</span> <span class='ocrx_word' id='word_1_163' title='bbox 835 3534 891 3578; x_wconf 93' lang='lat' dir='ltr'>cor</span> <span class='ocrx_word' id='word_1_164' title='bbox 919 3522 1093 3593; x_wconf 86' lang='lat' dir='ltr'>paternum</span> <span class='ocrx_word' id='word_1_165' title='bbox 1122 3512 1270 3592; x_wconf 85' lang='lat' dir='ltr'>Supremi</span> <span class='ocrx_word' id='word_1_166' title='bbox 1299 3511 1467 3575; x_wconf 90' lang='lat' dir='ltr'>Pontificis</span> 
     </span>
     <span class='ocr_line' id='line_1_25' title="bbox 321 3628 1466 3710; baseline -0.003 -16"><span class='ocrx_word' id='word_1_167' title='bbox 321 3631 498 3694; x_wconf 89' lang='lat' dir='ltr'>sollicitant</span> <span class='ocrx_word' id='word_1_168' title='bbox 515 3630 596 3694; x_wconf 86' lang='lat' dir='ltr'>scire</span> <span class='ocrx_word' id='word_1_169' title='bbox 612 3631 747 3710; x_wconf 89' lang='lat' dir='ltr'>possint,</span> <span class='ocrx_word' id='word_1_170' title='bbox 771 3639 815 3706; x_wconf 90' lang='lat' dir='ltr'>et,</span> <span class='ocrx_word' id='word_1_171' title='bbox 839 3631 923 3694; x_wconf 90' lang='lat' dir='ltr'>sicut</span> <span class='ocrx_word' id='word_1_172' title='bbox 940 3630 1074 3696; x_wconf 91' lang='lat' dir='ltr'>omnino</span> <span class='ocrx_word' id='word_1_173' title='bbox 1095 3638 1235 3708; x_wconf 89' lang='lat' dir='ltr'>oportet,</span> <span class='ocrx_word' id='word_1_174' title='bbox 1254 3628 1374 3692; x_wconf 87' lang='lat' dir='ltr'>sentire</span> <span class='ocrx_word' id='word_1_175' title='bbox 1391 3648 1466 3691; x_wconf 87' lang='lat' dir='ltr'>cum</span> 
     </span>
     <span class='ocr_line' id='line_1_26' title="bbox 320 3744 1466 3826; baseline -0.003 -16"><span class='ocrx_word' id='word_1_176' title='bbox 320 3746 466 3810; x_wconf 76' lang='lat' dir='ltr'>Ecclesia</span> <span class='ocrx_word' id='word_1_177' title='bbox 489 3766 602 3810; x_wconf 91' lang='lat' dir='ltr'>revera</span> <span class='ocrx_word' id='word_1_178' title='bbox 625 3747 768 3811; x_wconf 89' lang='lat' dir='ltr'>valeant.</span> <span class='ocrx_word' id='word_1_179' title='bbox 812 3747 911 3811; x_wconf 90' lang='lat' dir='ltr'>Nunc</span> <span class='ocrx_word' id='word_1_180' title='bbox 933 3747 1084 3822; x_wconf 87' lang='lat' dir='ltr'>maxime,</span> <span class='ocrx_word' id='word_1_181' title='bbox 1110 3765 1213 3826; x_wconf 88' lang='lat' dir='ltr'>quum</span> <span class='ocrx_word' id='word_1_182' title='bbox 1236 3744 1466 3808; x_wconf 84' lang='lat' dir='ltr'>Sanctissimus</span> 
     </span>
     <span class='ocr_line' id='line_1_27' title="bbox 320 3861 1468 3939; baseline -0.003 -12"><span class='ocrx_word' id='word_1_183' title='bbox 320 3865 420 3927; x_wconf 89' lang='lat' dir='ltr'>Pater</span> <span class='ocrx_word' id='word_1_184' title='bbox 442 3863 589 3926; x_wconf 91' lang='lat' dir='ltr'>omnium</span> <span class='ocrx_word' id='word_1_185' title='bbox 610 3863 755 3927; x_wconf 89' lang='lat' dir='ltr'>fidelium</span> <span class='ocrx_word' id='word_1_186' title='bbox 777 3863 960 3927; x_wconf 88' lang='lat' dir='ltr'>Americam</span> <span class='ocrx_word' id='word_1_187' title='bbox 982 3885 1021 3926; x_wconf 85' lang='lat' dir='ltr'>ex</span> <span class='ocrx_word' id='word_1_188' title='bbox 1043 3871 1117 3927; x_wconf 91' lang='lat' dir='ltr'>toto</span> <span class='ocrx_word' id='word_1_189' title='bbox 1138 3861 1235 3926; x_wconf 92' lang='lat' dir='ltr'>corde</span> <span class='ocrx_word' id='word_1_190' title='bbox 1256 3869 1290 3925; x_wconf 93' lang='lat' dir='ltr'>et</span> <span class='ocrx_word' id='word_1_191' title='bbox 1312 3881 1388 3925; x_wconf 85' lang='lat' dir='ltr'>cum</span> <span class='ocrx_word' id='word_1_192' title='bbox 1410 3880 1468 3939; x_wconf 89' lang='lat' dir='ltr'>spe</span> 
     </span>
     <span class='ocr_line' id='line_1_28' title="bbox 321 3978 1466 4060; baseline -0.003 -16"><span class='ocrx_word' id='word_1_193' title='bbox 321 3980 465 4044; x_wconf 87' lang='lat' dir='ltr'>maxima</span> <span class='ocrx_word' id='word_1_194' title='bbox 481 3987 617 4060; x_wconf 90' lang='lat' dir='ltr'>spectet,</span> <span class='ocrx_word' id='word_1_195' title='bbox 636 3981 809 4044; x_wconf 86' lang='lat' dir='ltr'>hortentur</span> <span class='ocrx_word' id='word_1_196' title='bbox 825 3980 945 4055; x_wconf 72' lang='lat' dir='ltr'>fideles</span> <span class='ocrx_word' id='word_1_197' title='bbox 963 3988 1003 4043; x_wconf 90' lang='lat' dir='ltr'>ut</span> <span class='ocrx_word' id='word_1_198' title='bbox 1019 3979 1197 4058; x_wconf 84' lang='lat' dir='ltr'>largissime</span> <span class='ocrx_word' id='word_1_199' title='bbox 1213 3998 1289 4042; x_wconf 76' lang='lat' dir='ltr'>erun</span> <span class='ocrx_word' id='word_1_200' title='bbox 1305 3978 1466 4058; x_wconf 84' lang='lat' dir='ltr'>adjuvent</span> 
     </span>
     <span class='ocr_line' id='line_1_29' title="bbox 319 4093 1413 4176; baseline -0.004 -14"><span class='ocrx_word' id='word_1_201' title='bbox 319 4096 523 4162; x_wconf 87' lang='lat' dir='ltr'>orationibus</span> <span class='ocrx_word' id='word_1_202' title='bbox 543 4105 578 4160; x_wconf 90' lang='lat' dir='ltr'>et</span> <span class='ocrx_word' id='word_1_203' title='bbox 598 4097 790 4176; x_wconf 79' lang='lat' dir='ltr'>opportrmis</span> <span class='ocrx_word' id='word_1_204' title='bbox 811 4097 971 4161; x_wconf 91' lang='lat' dir='ltr'>subsidiis.</span> <span class='ocrx_word' id='word_1_205' title='bbox 1018 4095 1109 4176; x_wconf 83' lang='lat' dir='ltr'>(Syn.</span> <span class='ocrx_word' id='word_1_206' title='bbox 1131 4097 1189 4173; x_wconf 78' lang='lat'>11,</span> <span class='ocrx_word' id='word_1_207' title='bbox 1214 4098 1266 4174; x_wconf 90' lang='lat'>15;</span> <span class='ocrx_word' id='word_1_208' title='bbox 1293 4096 1345 4172; x_wconf 92' lang='lat' dir='ltr'>V.,</span> <span class='ocrx_word' id='word_1_209' title='bbox 1367 4093 1413 4172; x_wconf 88' lang='lat'>4.)</span> 
     </span>
    </p>

    <p class='ocr_par' dir='ltr' id='par_1_8' title="bbox 320 4228 1468 4426">
     <span class='ocr_line' id='line_1_30' title="bbox 366 4228 1468 4310; baseline -0.003 -16"><span class='ocrx_word' id='word_1_210' title='bbox 366 4233 434 4295; x_wconf 90' lang='lat'>151.</span> <span class='ocrx_word' id='word_1_211' title='bbox 479 4230 591 4310; x_wconf 83' lang='lat' dir='ltr'>Qualis</span> <span class='ocrx_word' id='word_1_212' title='bbox 612 4230 677 4294; x_wconf 82' lang='lat' dir='ltr'>luit</span> <span class='ocrx_word' id='word_1_213' title='bbox 700 4230 787 4294; x_wconf 84' lang='lat' dir='ltr'>zelus</span> <span class='ocrx_word' id='word_1_214' title='bbox 810 4230 933 4294; x_wconf 84' lang='lat' dir='ltr'>Christi</span> <span class='ocrx_word' id='word_1_215' title='bbox 956 4230 991 4293; x_wconf 91' lang='lat' dir='ltr'>in</span> <span class='ocrx_word' id='word_1_216' title='bbox 1013 4231 1152 4294; x_wconf 89' lang='lat' dir='ltr'>salutem</span> <span class='ocrx_word' id='word_1_217' title='bbox 1175 4229 1367 4303; x_wconf 83' lang='lat' dir='ltr'>animamm,</span> <span class='ocrx_word' id='word_1_218' title='bbox 1392 4228 1468 4292; x_wconf 88' lang='lat' dir='ltr'>talis</span> 
     </span>
     <span class='ocr_line' id='line_1_31' title="bbox 320 4346 1468 4426; baseline -0.002 -16"><span class='ocrx_word' id='word_1_219' title='bbox 320 4348 366 4412; x_wconf 91' lang='lat' dir='ltr'>sit</span> <span class='ocrx_word' id='word_1_220' title='bbox 392 4348 479 4411; x_wconf 74' lang='lat' dir='ltr'>oclus</span> <span class='ocrx_word' id='word_1_221' title='bbox 504 4347 720 4414; x_wconf 89' lang='lat' dir='ltr'>sacerdotum.</span> <span class='ocrx_word' id='word_1_222' title='bbox 777 4347 826 4411; x_wconf 86' lang='lat' dir='ltr'>Sit</span> <span class='ocrx_word' id='word_1_223' title='bbox 853 4346 966 4426; x_wconf 86' lang='lat' dir='ltr'>itaque</span> <span class='ocrx_word' id='word_1_224' title='bbox 992 4346 1169 4412; x_wconf 90' lang='lat' dir='ltr'>sacerdotis</span> <span class='ocrx_word' id='word_1_225' title='bbox 1195 4346 1282 4409; x_wconf 83' lang='lat' dir='ltr'>zelus</span> <span class='ocrx_word' id='word_1_226' title='bbox 1308 4365 1408 4423; x_wconf 84' lang='lat' dir='ltr'>purus</span> <span class='ocrx_word' id='word_1_227' title='bbox 1433 4353 1468 4408; x_wconf 91' lang='lat' dir='ltr'>et</span> 
     </span>
    </p>
   </div>
   <div class='ocr_carea' id='block_1_8' title="bbox 0 0 1780 5190">
    <p class='ocr_par' dir='ltr' id='par_1_9' title="bbox 0 0 1780 5190">
     <span class='ocr_line' id='line_1_32' title="bbox 0 0 1780 5190; baseline 0 0"><span class='ocrx_word' id='word_1_228' title='bbox 0 0 1780 5190; x_wconf 95' lang='lat' dir='ltr'> </span> 
     </span>
    </p>
   </div>
  </div>
 </body>
</html>
