3538 5190
724 574 1023 620 consrnurronns.
1407 557 1448 620 67

345 756 413 820 190.
459 755 575 834 Neque
590 754 785 818 concedetur
799 754 879 816 haec
894 753 1043 826 famrltaS,
1059 752 1163 815 donec
1177 751 1315 815 aedificii
1329 751 1448 815 intenti

300 870 534 950 ichnographia
557 869 660 950 (plan)
683 890 759 933 cum
779 869 940 949 probabili
960 868 1206 947 computatione
1225 868 1449 932 faciendarum

299 986 521 1065 impensarum
544 987 642 1051 fuerit
665 986 916 1064 Archiepiscopo
939 995 972 1048 et
996 984 1216 1050 commissioni
1239 985 1449 1049 dioecesanae

298 1103 341 1166 de
364 1103 518 1167 aedificiis
536 1103 761 1167 construendis
778 1103 822 1166 ad
839 1104 902 1165 hoc
920 1101 1119 1165 constitutae
1140 1099 1317 1178 (Diocesan
1335 1100 1448 1164 Build-

299 1219 355 1298 ing
382 1218 613 1297 Commission)
643 1219 796 1283 exhibita.
841 1218 995 1282 Similiter
1021 1217 1138 1281 deinde
1165 1225 1362 1291 contractus
1391 1236 1449 1280 an-

298 1343 434 1415 tequam
479 1336 733 1410 subscribantur,
765 1343 988 1414 proponentur
1017 1332 1267 1412 Archiepiscopo
1297 1341 1331 1396 ct
1360 1353 1449 1398 com-

298 1452 444 1516 missioni
467 1453 676 1516 dioecesanae
699 1452 905 1530 supradictae
928 1471 966 1514 ac
989 1450 1247 1514 transcribentur
1268 1450 1449 1529 reponendi

298 1567 334 1630 in
346 1569 478 1632 archivo
493 1569 671 1648 paroeciae.

343 1721 411 1782 191.
456 1718 582 1782 Pariter
594 1719 769 1792 inhibetur,
783 1738 825 1780 ne
837 1717 989 1780 ecclcsiae
1006 1717 1094 1780 bona
1111 1737 1131 1779 a
1148 1717 1290 1794 parocho
1307 1716 1449 1781 alienen-

298 1842 363 1909 tur,
383 1843 443 1898 aut
459 1835 495 1898 in
511 1834 665 1899 aedificiis
682 1835 726 1897 ad
742 1833 910 1897 ecclesiam
928 1833 1166 1912 pertinentibus
1183 1832 1371 1895 immutatio
1388 1832 1447 1896 fiat

298 1952 393 2030 cujus
420 1951 586 2030 impensae
613 1958 769 2029 superant
796 1957 929 2013 centum
956 1957 1087 2012 scutata
1117 1947 1238 2026 (two),
1266 1948 1329 2011 nisi
1356 1957 1449 2012 ante-

299 2068 416 2131 cedens
443 2068 564 2131 Noster
590 2068 752 2131 habeatur
778 2086 954 2129 consensus
980 2066 1015 2127 in
1041 2065 1179 2144 scriptis.
1226 2062 1317 2144 (Syn.
1347 2066 1385 2139 1.,
1413 2067 1447 2142 3;

298 2185 349 2258 V.‚
367 2185 439 2260 126;
465 2183 547 2247 Can.
565 2185 654 2257 1162,
672 2180 882 2260 1527,1530.)

342 2335 411 2398 192.
456 2333 676 2411 Praecipimus
712 2332 864 2396 omnibus
899 2331 1049 2411 parochis
1085 2339 1119 2394 et
1155 2330 1373 2409 superioribus
1408 2340 1448 2395 ut

297 2450 485 2513 cautionem
520 2458 635 2513 contra
669 2450 837 2523 damnum,
874 2468 913 2510 ex
946 2446 1096 2511 incendio
1131 2446 1351 2510 aedificiorum
1386 2441 1448 2511 sibi

297 2567 544 2630 commissorum
573 2566 766 2639 timendum,
797 2585 924 2644 semper
951 2573 985 2628 et
1013 2563 1142 2628 nonnisi
1170 2564 1260 2642 apud
1288 2564 1448 2628 Nostrum

298 2681 538 2746 Canoellarium
557 2690 741 2761 procurent.
788 2680 879 2761 (Syn.
902 2682 957 2756 Π,
981 2683 1053 2756 186;
1084 2681 1135 2755 V..
1159 2678 1242 2758 130.)

569 2922 623 2984 Dn
640 2922 870 2986 Docunnrrms
885 2939 928 2984 ar
943 2923 1179 2984 Invenimus.

342 3081 410 3145 193.
456 3081 664 3143 Documenta
679 3079 791 3143 omnia
805 3078 1000 3158 hypothecis
1015 3079 1051 3142 in
1066 3078 1177 3142 {undis
1192 3086 1226 3141 et
1242 3078 1321 3157 ipsis
1337 3077 1449 3142 fundis

297 3195 496 3273 pertinentia
510 3196 600 3274 apud
615 3195 775 3259 Nostrum
790 3195 1029 3258 Canoellarium
1043 3194 1242 3258 collocentur
1256 3194 1291 3257 in
1305 3193 1448 3258 Archivo

299 3311 509 3375 Dioecesano.
556 3310 652 3390 (Can.
671 3310 775 3389 1523.)

342 3462 410 3526 194.
456 3462 663 3524 Docrunenta
685 3481 769 3540 quac
789 3469 909 3524 natura
930 3480 989 3523 sua
1009 3459 1123 3524 stricte
1143 3459 1337 3538 paroecialia
1358 3470 1446 3535 sunt,

296 3577 347 3640 uti
357 3576 431 3640 libri
440 3577 636 3655 paroeciales
646 3577 798 3640 ecclesiae
808 3585 842 3640 et
851 3576 978 3655 registri
988 3576 1195 3640 functionum
1205 3576 1445 3654 paroecialium,

297 3692 333 3756 in
360 3693 443 3756 arcis
471 3693 591 3768 ferreis,
621 3713 707 3774 quae
735 3713 795 3771 pro
823 3692 964 3756 archivis
991 3692 1227 3770 paroecialibus
1255 3691 1445 3767 inserviant,

297 3809 505 3873 collocentur.
552 3807 644 3887 (Syn.
660 3809 817 3885 1v.,221;
842 3807 924 3872 Can.
942 3807 1046 3886 1523.)

341 3961 410 4024 195.
455 3957 675 4037 Praecipimus
700 3957 849 4037 parochis
873 3957 1025 4021 omnibus
1050 3966 1085 4021 et
1110 3956 1328 4036 superioribus
1353 3957 1447 4022 insti-

297 4083 447 4139 tutorum
462 4075 562 4154 hujus
577 4075 760 4139 dioeceseos
774 4082 814 4138 ut
831 4082 976 4153 systema
990 4074 1152 4137 uniforme
1168 4094 1188 4137 a
1206 4074 1310 4137 Nobis
1326 4075 1447 4139 consti-

297 4199 410 4255 tutum
426 4191 601 4255 inventarii
617 4191 779 4254 bonorum
794 4190 857 4253 illis
873 4189 1128 4265 commissorum,
1147 4209 1274 4254 necnon
1289 4190 1446 4254 librorum

297 4327 357 4385 pro
370 4307 453 4372 actis
466 4307 682 4385 negotialibus
696 4307 939 4386 quamprimum
952 4306 1178 4370 adhibeantur.
1226 4304 1322 4383 (Can.
1337 4305 1443 4385 1523.)
1526 4367 1530 4374 .
