3538 5190
732 618 819 662 nors
841 618 975 664 ennom.
1389 602 1427 664 13

279 815 459 875 venumque
476 797 723 861 Sacramentum
736 799 830 862 sumi.
875 798 1179 862 Constanterteneo
1198 798 1427 878 Purgaton'um

279 886 358 987 esse,
377 913 568 992 animasque
583 914 629 977 ibi
646 915 797 978 detentas
813 915 958 978 fidelium
974 915 1135 994 suffragiis
1151 915 1267 981 iuvari.
1311 915 1428 978 Simili-

175 1108 179 1116 *
281 1037 332 1091 ter
353 1037 387 1092 et
409 1029 546 1094 Sanctos
567 1051 635 1094 una
657 1052 732 1094 cum
754 1031 886 1095 Christo
908 1039 1080 1110 regnantes
1101 1033 1304 1095 venerandos
1326 1040 1428 1111 atque

280 1144 480 1209 invocandos
498 1167 576 1222 esse,
596 1167 715 1227 eosque
733 1148 896 1212 orationes
915 1149 987 1210 Deo
1005 1148 1177 1226 pronubis
1195 1148 1309 1212 offerre
1326 1157 1428 1228 atque

279 1281 393 1324 eorum
419 1263 586 1342 Reliquias
612 1284 680 1326 esse
705 1264 917 1327 venerandas.
960 1265 1113 1334 Firmiter
1138 1284 1246 1328 assero
1271 1264 1428 1343 imagines

281 1377 405 1441 Christi
418 1399 456 1441 ac
470 1379 632 1458 Deiparae
645 1401 771 1460 semper
781 1380 930 1459 Virginis,
942 1401 1069 1444 necnon
1081 1381 1219 1444 aliorum
1232 1381 1427 1444 Sanctorum

283 1493 450 1558 habendas
474 1504 507 1559 et
531 1497 717 1560 retinendas
740 1517 818 1572 esse,
843 1505 945 1576 atque
968 1497 1013 1560 eis
1037 1498 1186 1561 debitum
1208 1497 1365 1561 honorem
1389 1517 1428 1561 ac

279 1593 523 1675 venerationem
553 1613 813 1694 impertiendam.
871 1613 1152 1692 Indulgentiarum
1186 1614 1286 1676 etiam
1320 1621 1428 1692 potes·

280 1735 385 1790 tatem
406 1748 426 1790 a
447 1728 579 1792 Christo
599 1729 634 1792 in
651 1730 798 1794 Ecclesia
818 1731 965 1794 relictam
985 1731 1093 1805 fuisse,
1116 1730 1312 1809 illarumque
1331 1749 1428 1792 usum

280 1843 469 1907 Christiano
491 1846 612 1924 populo
635 1846 775 1909 maxime
798 1847 974 1910 salutarem
998 1866 1067 1909 esse
1093 1847 1228 1909 affirmo
1272 1845 1428 1910 Sanctam

279 1959 486 2023 Catholicam
518 1970 553 2024 et
584 1961 806 2040 Apostolicam
839 1964 1024 2026 Romanam
1056 1963 1245 2038 Ecclesiam,
1279 1963 1427 2027 omnium

280 2077 498 2140 Ecclesiamm
534 2086 675 2142 matrem
717 2087 751 2142 et
792 2079 983 2158 magistram
1025 2099 1173 2158 agnosco,
1213 2081 1428 2158 Romanoque

280 2193 432 2257 Pontifici
469 2195 558 2257 beati
597 2195 685 2258 Petri
718 2195 950 2275 Apostolorum
986 2195 1144 2274 Principis
1179 2195 1353 2261 successori
1389 2216 1428 2260 ac

282 2310 357 2372 Iesu
380 2310 504 2375 Christi
526 2311 655 2378 Vicario
676 2331 789 2375 veram
811 2312 1032 2375 obedientiam
1054 2313 1198 2392 spondeo
1220 2332 1259 2376 ac
1281 2310 1362 2375 iuro.

324 2425 442 2490 Cetera
460 2427 540 2490 item
558 2428 668 2492 omnia
686 2449 706 2492 a
725 2429 823 2492 sacris
841 2429 1031 2492 Canonibus
1048 2437 1082 2492 et
1101 2429 1323 2493 oecumenicis
1342 2429 1429 2492 Con·

279 2542 371 2617 ciliis,
401 2564 440 2608 ac
453 2545 639 2638 'praecipue
666 2566 686 2608 a
713 2553 919 2609 sacrosancta
945 2545 1139 2609 Tridentina
1165 2545 1298 2625 Synodo
1324 2554 1358 2608 et
1385 2545 1428 2608 ab

279 2660 498 2724 Oecnmenico
521 2661 668 2725 Concilio
690 2663 850 2726 Vaticano
873 2662 1006 2737 tradita,
1032 2663 1167 2726 definita
1190 2683 1229 2726 ac
1252 2662 1426 2737 declarata,

279 2777 472 2856 praesertim
494 2778 535 2841 de
556 2778 698 2841 Romani
720 2778 887 2842 Pontificis
907 2779 1053 2857 primatu
1074 2787 1108 2843 et
1129 2779 1290 2843 infallibili
1310 2779 1429 2858 magis·

279 2893 373 2968 terio,
392 2894 617 2958 indubitanter
639 2895 758 2973 recipio
781 2903 882 2974 atque
899 2896 1063 2974 profiteor,
1082 2895 1243 2976 simulque
1266 2895 1429 2959 contraria

279 3009 402 3084 omnia,
427 3017 529 3090 atque
553 3011 700 3074 haereses
724 3031 935 3091 quascunque
959 3013 1003 3075 ab
1027 3012 1171 3076 Ecclesia
1196 3012 1370 3076 damnatas
1394 3020 1428 3074 et

280 3125 417 3190 reiectas
447 3135 482 3190 et
512 3127 818 3203 anathematizatae,
850 3149 910 3207 ego
940 3128 1062 3207 pariter
1092 3129 1223 3204 damn0,
1255 3129 1364 3193 reiicio
1394 3137 1428 3191 et

279 3241 535 3310 anathematizo.
579 3244 675 3308 Hanc
697 3264 810 3308 veram
834 3245 1040 3308 Catholicam
1063 3245 1187 3320 Fidem,
1213 3252 1304 3309 extra
1328 3264 1429 3324 quam
1553 3234 1557 3240 ’

282 3379 378 3422 nemo
401 3359 511 3423 salvus
534 3379 603 3424 esse
625 3354 744 3439 potest,
770 3381 870 3441 quam
893 3360 928 3423 in
950 3361 1113 3440 praesenti
1136 3369 1252 3440 sponte
1275 3361 1429 3439 profiteor

279 3483 316 3538 et
332 3474 492 3540 veraciter
510 3483 616 3552 teneo,
635 3477 786 3542 eamdem
807 3477 968 3556 integram
990 3486 1024 3540 et
1045 3477 1238 3542 inviolatam
1258 3496 1363 3556 usque
1385 3478 1428 3541 ad

279 3599 463 3655 extremum
498 3592 589 3656 vitae
623 3593 784 3672 spiritum,
821 3593 1093 3668 constantissime,
1131 3594 1203 3656 Deo
1239 3593 1427 3668 adiuvante,

280 3707 420 3771 retinere
442 3717 476 3771 et
499 3709 655 3784 confiteri,
680 3717 781 3789 atque
804 3730 824 3773 a
846 3709 927 3773 meis
950 3709 1090 3774 subditis
1113 3729 1170 3773 seu
1192 3708 1264 3784 illis,
1290 3729 1429 3789 quorum

279 3844 360 3888 uua
374 3824 418 3888 ad
430 3825 532 3889 mein
545 3845 679 3889 munere
692 3846 766 3889 meo
780 3825 952 3904 spectabit,
967 3826 1071 3890 teneri
1085 3834 1119 3890 et
1133 3825 1241 3889 doceri
1255 3835 1289 3889 et
1303 3825 1430 3904 praedi·

279 3941 358 4016 cari,
384 3949 546 4021 quantum
569 3942 605 4005 in
626 3962 680 4005 me
702 3942 764 4006 erit
787 3949 987 4017 curatum,
1012 3962 1071 4022 ego
1094 3942 1181 4007 idem
1205 3942 1248 4006 N.
1274 3942 1427 4021 spondeo,

279 4077 388 4121 voveo
415 4077 454 4122 ac
480 4057 561 4122 iur0.
605 4059 657 4123 Sic
683 4079 737 4121 me
764 4058 854 4122 Deus
881 4058 1026 4134 adiuvet,
1055 4059 1197 4124 ethaeo
1224 4067 1338 4123 sancta
1366 4059 1429 4122 Dei

281 4173 472 4253 Evangelia.
