3538 5190
304 520 346 584 34
722 536 766 580 os
789 536 1032 582 socnamsrm.

345 719 394 782 62.
439 718 578 796 Quando
605 717 741 781 infirmis
768 717 980 780 Sanctissima
1006 717 1213 782 Eucharistia
1239 717 1385 780 defertur
1411 738 1450 781 ac

300 834 507 898 ministratur
530 835 730 913 praescripta
754 835 896 897 Ritnalis
919 835 1071 908 Romani,
1096 835 1132 896 in
1155 843 1317 913 quantum
1340 855 1449 898 rerum

301 951 567 1015 circumstantiae
600 951 721 1024 sinunt,
757 951 1002 1029 diligentissime
1034 958 1214 1014 serventur.
1258 951 1448 1014 Sacerdotes

301 1087 480 1147 nunquam,
499 1067 563 1129 nisi
581 1066 615 1128 in
632 1076 778 1130 extrema
795 1067 997 1140 necessitate,
1016 1068 1070 1130 vel
1087 1067 1195 1145 ipsam
1213 1067 1375 1141 Hostiam,
1395 1067 1448 1130 vel

299 1204 360 1247 vas
374 1204 503 1246 sacrum
517 1184 552 1246 in
566 1203 632 1262 quo
647 1191 806 1258 servatur,
822 1184 907 1246 stola
922 1184 1039 1247 saltem
1053 1203 1120 1246 non
1134 1183 1242 1246 induti
1257 1191 1445 1250 attrectent.

300 1300 439 1378 Quando
453 1320 532 1362 vero
545 1299 580 1362 in
593 1299 727 1362 ecclesia
741 1299 989 1362 Sanctissimum
1002 1320 1021 1362 e
1034 1300 1246 1363 tabernaculo
1259 1299 1445 1374 extrahunt,

299 1436 426 1495 semper
442 1424 534 1479 veste
550 1416 656 1490 talari,
676 1416 905 1494 superpelliceo
924 1425 958 1479 et
978 1417 1063 1478 stola
1083 1415 1148 1478 sint
1168 1415 1285 1489 induti,
1304 1425 1339 1479 et
1358 1415 1447 1494 prius

299 1534 366 1597 duo
386 1533 421 1596 in
441 1533 537 1596 altari
557 1532 731 1596 luminaria
751 1533 883 1596 accendi
904 1541 1028 1596 curent.
1075 1531 1166 1611 (Syn.
1190 1533 1235 1606 II,
1258 1534 1308 1606 87,
1331 1535 1384 1609 88;
1406 1535 1445 1598 V.

299 1651 353 1726 56;
382 1649 465 1713 Can.
484 1648 570 1726 849.)

341 1822 390 1885 63.
435 1821 565 1886 Crebris
582 1821 860 1884 admonitionibus
879 1821 1050 1899 multoque
1070 1820 1180 1884 studio
1201 1821 1312 1885 fideles
1333 1820 1446 1884 cohor-

296 1937 391 2002 tandi
417 1945 494 2000 sunt
521 1944 560 2000 ut
587 1937 783 2016 frequenter,
811 1945 845 2001 et
873 1937 974 2000 etiam
999 1937 1155 2017 quotidie,
1184 1937 1445 2000 Sacratissimum

297 2054 545 2117 Sacramentum
583 2055 751 2133 recipiant.
796 2055 1009 2117 Meminerint
1047 2055 1233 2117 confessarii
1270 2055 1443 2130 neminem,

296 2171 391 2234 aliter
403 2171 465 2234 rite
479 2171 684 2249 dispositum,
700 2171 757 2250 qui
774 2171 808 2232 in
825 2179 917 2234 statu
934 2170 1058 2248 gratiae
1074 2179 1108 2234 et
1126 2191 1202 2233 cum
1218 2179 1308 2234 recta
1325 2172 1444 2251 piaque

295 2295 407 2349 mente
432 2286 476 2349 ad
501 2287 634 2349 Sacram
662 2288 814 2350 Mensam
839 2287 984 2360 accedat,
1013 2286 1175 2365 prohiberi
1201 2288 1245 2350 ab
1270 2307 1310 2350 ea
1336 2307 1443 2366 posse,

296 2403 443 2482 sciatque
463 2403 612 2466 sacerdos
633 2403 689 2482 qui
709 2403 870 2481 ejusmodi
890 2402 1049 2477 fidelibus,
1071 2403 1115 2466 ad
1135 2403 1268 2466 Sacram
1288 2403 1443 2482 Synaxim

296 2519 415 2597 pluries
430 2518 465 2580 in
479 2519 685 2582 hebdomada
700 2519 851 2582 accedere
866 2519 1081 2597 cupientibus
1097 2539 1224 2582 moram
1238 2520 1443 2598 interponere

294 2642 515 2714 praesumeret
543 2655 577 2698 se
604 2635 730 2698 muneri
758 2655 817 2697 suo
844 2636 978 2698 omnino
1006 2635 1150 2698 deficere.
1197 2633 1288 2713 (Syn.
1318 2637 1357 2699 V.
1388 2639 1441 2710 58;

296 2751 377 2814 Can.
396 2749 483 2827 863.)

336 2924 386 2985 64.
430 2923 521 2986 Licet
542 2924 585 2986 de
607 2923 779 2987 sufficienti
801 2943 976 3002 puerorum
998 2923 1210 3002 dispositione
1233 2924 1277 2986 ad
1301 2923 1442 3004 primam

293 3039 555 3104 communionem
568 3029 728 3118 judicium
737 3041 780 3104 sit
790 3041 950 3104 sacerdoti
964 3061 984 3103 a
997 3041 1252 3104 confessionibus
1265 3061 1442 3122 eorumque

294 3156 493 3233 parentibus
511 3157 655 3236 parocho
671 3165 784 3220 tamen
800 3157 942 3220 officium
959 3157 1117 3220 statuitur
1132 3177 1200 3219 non
1216 3165 1349 3221 tantum
1370 3179 1441 3222 cur·

293 3271 371 3333 andi
383 3279 422 3334 ut
436 3273 527 3350 pueri
540 3273 735 3336 sufficienter
748 3273 897 3351 dispositi
910 3274 1154 3352 quamprimum
1166 3274 1228 3336 hoc
1241 3273 1354 3337 divino
1367 3275 1440 3338 cibo

292 3387 479 3451 reficiantur
500 3389 679 3452 sedetiam
700 3389 909 3468 advigilandi,
933 3410 991 3468 per
1011 3409 1147 3452 examen
1169 3390 1195 3452 si
1216 3399 1440 3468 opportunum

292 3505 496 3582 judicaverit,
519 3525 561 3568 ne
581 3506 672 3584 pueri
693 3505 761 3568 sine
782 3507 954 3569 sufficienti
975 3507 1223 3584 praeparatione
1243 3507 1286 3569 ad
1307 3507 1440 3571 Sacram

292 3620 447 3698 Synaxim
468 3621 635 3685 accedant.
680 3622 891 3684 Meminerint
908 3642 1039 3701 quoque
1055 3623 1188 3702 parochi
1204 3631 1237 3685 et
1254 3624 1439 3686 confessarii

291 3737 524 3814 obligationem
541 3737 705 3816 praecepti
723 3738 883 3816 paschalis
900 3738 1136 3801 communionis
1153 3739 1338 3815 sumendae,
1354 3760 1439 3820 quae

290 3853 474 3931 impuberes
499 3862 615 3932 gravat
643 3862 819 3933 postquam
851 3854 894 3917 ad
924 3875 1021 3917 usum
1052 3854 1188 3917 rationis
1220 3857 1436 3934 pervenerint,

290 3969 391 4032 etiam
409 3969 444 4032 in
462 3989 516 4032 eos
534 3969 683 4033 recidere.
731 3968 826 4047 (Can.
847 3972 917 4044 854,
938 3972 1008 4046 860,
1032 3969 1136 4047 1330.)

333 4153 382 4214 65.
428 4151 564 4214 Parochi
598 4152 725 4215 nullum
756 4171 823 4214 non
854 4160 1010 4216 moveant
1045 4153 1188 4231 lapidem
1223 4174 1289 4234 quo
1324 4173 1437 4218 omnes

289 4266 368 4345 ipsis
402 4266 565 4329 commissi
599 4268 642 4330 ad
676 4278 886 4347 praeceptum
919 4288 1049 4333 annuae
1082 4269 1319 4334 communionis
1354 4278 1438 4335 tem-
