3538 5190
720 565 1020 611 CONSTITUTIONES.

739 834 946 905 TITULUS
976 835 1009 905 l.

729 1000 791 1070 De
824 1000 1018 1071 Clerlcls.

338 1162 368 1223 3.
412 1161 555 1238 Quilibet
597 1161 730 1225 clericus
770 1162 846 1225 huic
887 1162 1024 1225 dioecesi
1066 1161 1219 1225 canonice
1260 1163 1447 1241 adscriptus

296 1283 427 1340 tenetur
446 1278 631 1358 usquedum
651 1299 717 1340 non
738 1279 836 1342 fuerit
857 1279 1000 1356 legitime
1023 1279 1259 1353 excardinatus,
1285 1280 1447 1358 suscipere

295 1401 330 1456 et
343 1393 482 1456 fideliter
495 1395 628 1472 implere
641 1415 760 1458 munus
774 1395 863 1474 quod
880 1395 942 1472 ipsi
956 1395 1054 1458 fuerit
1068 1415 1089 1457 a
1103 1395 1208 1458 Nobis
1221 1396 1441 1459 commissum.

300 1507 391 1588 (Syn.
411 1511 468 1585 11,
488 1513 562 1587 202;
589 1513 640 1590 V.‚
663 1513 734 1589 147;
753 1512 835 1574 Can.
854 1511 937 1586 128.)

675 1727 729 1788 Da
753 1726 1070 1790 V1rnSP1n1roAL1.

338 1877 367 1936 4.
413 1875 527 1937 “Nihil
556 1875 627 1938 est''
660 1875 707 1939 ait
738 1875 921 1939 Concilium
952 1876 1191 1952 Tridentium,
1226 1877 1336 1956 “quod
1365 1877 1446 1940 alios

295 1991 400 2070 magis
413 1991 456 2054 ad
472 1992 630 2069 pietatem
643 2001 676 2056 et
693 1992 756 2055 Dei
771 1993 897 2056 cultum
910 1993 1039 2056 assidue
1054 1994 1204 2068 instruat,
1221 2013 1321 2073 quarn
1334 2013 1446 2056 eorum

298 2108 367 2171 vita
399 2116 433 2171 et
466 2109 659 2186 exemplum,
694 2109 751 2188 qui
784 2130 818 2172 se
852 2109 975 2172 Divino
1006 2110 1186 2174 ministerio
1218 2110 1444 2173 dedicarunt.”

294 2225 513 2288 Sanctitatem
529 2225 629 2302 igitur
645 2234 811 2289 sectentur
828 2226 890 2288 Dei
905 2226 1056 2300 ministri,
1074 2235 1108 2290 et
1125 2227 1230 2289 forma
1246 2225 1326 2290 lacti
1342 2227 1446 2304 gregis

294 2341 457 2404 exanimo
472 2342 657 2419 exemplum
673 2341 739 2405 sint
754 2342 899 2405 fidelium
915 2343 949 2404 in
963 2343 1074 2416 verbo,
1092 2343 1126 2404 in
1142 2343 1396 2417 conversatione,
1411 2343 1446 2406 in

295 2457 442 2532 caritate,
465 2458 500 2520 in
524 2458 598 2533 fide,
624 2459 658 2520 in
685 2459 851 2533 castitate;
885 2459 951 2522 sint
977 2459 1085 2532 sobrii,
1113 2459 1298 2537 prudentes,
1326 2459 1444 2533 ornati,

296 2574 415 2652 pudici,
438 2575 592 2651 modesti;
627 2576 907 2638 conversationem
930 2595 1023 2637 suam
1045 2576 1130 2638 inter
1152 2584 1264 2653 gentes
1285 2576 1446 2638 habentes

293 2691 426 2766 bonam,
452 2699 491 2754 ut
517 2691 781 2754 benefacientes
806 2691 1029 2754 obmutescere
1054 2692 1179 2755 faciant
1204 2691 1445 2770 impudentium

297 2807 465 2870 hominum
493 2808 722 2887 ignorantiam,
750 2815 784 2871 et
812 2808 1005 2871 obstruatur
1031 2828 1068 2872 os
1090 2808 1295 2888 loquentium
1317 2808 1441 2887 iniqua.

298 2921 390 3003 (syn.
410 2925 466 2998 11,
488 2923 573 3003 188.)

338 3094 367 3155 5.
411 3092 516 3169 Quem
534 3091 634 3154 etiam
651 3091 686 3153 in
703 3092 802 3154 finem
817 3092 854 3154 in
877 3092 1020 3155 Domino
1038 3094 1208 3155 hortamur
1225 3112 1338 3155 omnes
1356 3091 1447 3156 cleri·

293 3227 350 3271 cos
362 3216 401 3270 ut
414 3208 635 3287 poenitentiae
648 3217 852 3271 sacramento
870 3209 1057 3287 frequenter
1071 3209 1287 3271 conscientiae
1299 3209 1445 3272 maculas

293 3325 420 3400 eluant;
447 3333 487 3387 ut
503 3325 603 3387 iidem
619 3322 766 3403 quotidie
782 3324 922 3388 orationi
938 3325 1074 3388 mentali
1091 3344 1149 3402 per
1165 3325 1298 3404 aliquod
1314 3333 1445 3404 ternpus

293 3441 496 3516 incumbant,
528 3441 776 3504 Sanctissimum
810 3441 1058 3505 Sacramentum
1087 3441 1233 3516 visitent,
1267 3441 1445 3520 Deiparam

294 3557 460 3635 Virginem
492 3557 640 3620 mariano
673 3557 795 3620 rosario
830 3560 948 3633 colant,
985 3558 1217 3621 conscientiam
1251 3577 1345 3620 suam
1379 3558 1445 3621 dis·

294 3674 433 3736 cutiant.
481 3671 576 3750 (Can.
600 3673 683 3750 125.)

337 3842 367 3903 6.
411 3839 555 3903 Ulterius
579 3841 730 3919 jubemus
752 3849 792 3904 ut
818 3860 930 3903 omnes
953 3841 1136 3904 sacerdotes
1161 3841 1340 3904 saeculares
1362 3861 1445 3904 uno-

293 3976 426 4036 quoque
445 3977 532 4020 anno
547 3957 770 4035 spiritualibus
784 3957 942 4020 exercitiis
959 3977 1017 4035 per
1032 3965 1163 4035 tempus
1180 3977 1200 4020 a
1218 3956 1324 4020 Nobis
1337 3957 1444 4020 deter-

293 4073 499 4148 minandum,
521 4081 654 4150 vacent;
684 4093 790 4152 neque
812 4073 855 4136 ab
878 4073 923 4136 eis
943 4073 1117 4153 quisquam
1140 4074 1302 4137 eximatur
1324 4073 1387 4136 nisi
1409 4074 1445 4137 in

293 4209 373 4252 casu
392 4189 581 4268 particulari
599 4190 640 4252 de
658 4209 807 4268 expressa
826 4189 949 4253 Nostra
966 4189 1098 4252 licentia
1115 4191 1150 4252 in
1168 4190 1298 4268 scriptis
1316 4191 1406 4255 data.

297 4303 395 4382 (Can.
414 4306 497 4383 126.)
