3538 5190
771 578 815 621 DE
839 577 1004 623 CLBRICIS.

697 775 751 838 Da
769 775 892 838 Rsaus
906 775 1086 837 Vrrannrs.

360 927 407 990 14.
452 926 602 989 Caveant
627 926 733 988 clerici
757 946 800 987 ne
825 925 1015 1004 quarumvis
1038 924 1212 987 mulierum
1236 925 1399 987 consortio
1429 932 1462 987 et

314 1043 538 1106 familiaritate
554 1043 656 1105 nimia
670 1051 823 1118 utentum
847 1062 954 1121 neque
970 1061 1034 1115 eas,
1053 1041 1129 1104 licet
1146 1041 1330 1119 propmqua
1347 1062 1465 1119 cogna-

314 1159 405 1222 tione
429 1159 632 1236 oonjunctas,
658 1159 693 1222 in
719 1160 834 1222 eadem
859 1179 969 1221 secum
996 1158 1095 1222 domo
1121 1159 1314 1220 commorari
1342 1159 1461 1231 sinant,

314 1275 377 1338 nisi
401 1276 522 1340 inerint
547 1277 620 1339 vita
646 1285 680 1340 et
706 1276 852 1338 moribus
878 1275 1145 1353 spectatissimae,
1172 1275 1327 1353 nulloque
1353 1275 1461 1348 modo,

315 1392 384 1454 sive
406 1392 531 1456 directo
553 1393 622 1455 sive
646 1393 814 1466 indirecto,
837 1413 871 1454 se
894 1393 993 1454 sacris
1017 1391 1207 1454 muneribus
1232 1392 1379 1469 gerendis
1404 1399 1463 1453 aut

314 1509 411 1572 rebus
430 1509 582 1572 ecclesiae
604 1509 871 1572 administrandis
893 1509 1108 1572 immisceant.
1157 1507 1280 1586 Quodsi
1303 1508 1463 1586 parochus

314 1625 435 1688 habeat
475 1626 642 1700 vicanum,
681 1635 833 1690 vetamus
874 1627 1055 1705 parochum
1094 1626 1232 1688 retinere
1273 1624 1464 1702 consangui-

314 1762 392 1804 neas
417 1743 470 1804 vel
495 1743 607 1805 affines
631 1744 774 1821 juniores
799 1742 834 1806 in
858 1743 958 1806 domo
984 1763 1053 1816 sua,
1079 1743 1142 1805 nisi
1169 1741 1210 1805 de
1238 1741 1360 1805 Nostro
1388 1760 1463 1803 con-

313 1879 419 1921 sensu.
463 1859 601 1922 Familia
622 1880 702 1922 vero
724 1859 1037 1937 consanguineorum
1060 1859 1113 1920 vel
1136 1858 1283 1920 affinium
1305 1857 1341 1920 in
1362 1857 1462 1920 domo

314 1975 485 2053 paroeciali
517 1996 699 2056 numquam
730 1976 919 2040 retineatur.
964 1975 1102 2038 Parochi
1136 1975 1272 2038 ulterius
1304 1974 1460 2037 studeant

313 2112 368 2154 eas
392 2100 526 2155 tantum
551 2093 684 2156 ancillas
709 2093 771 2155 sibi
796 2093 936 2170 seligere,
964 2111 1104 2170 quarum
1129 2099 1221 2154 aetas
1246 2100 1402 2169 provecta
1427 2099 1461 2153 et

314 2209 403 2271 fama
423 2209 549 2272 illibata
572 2229 702 2272 ornnem
726 2209 942 2287 suspicionem
965 2217 1151 2271 amoveant.
1201 2205 1293 2285 (Syn.
1313 2207 1370 2282 IL,
1392 2208 1461 2282 198,

318 2327 389 2402 199;
417 2326 484 2401 IV.,
505 2329 580 2402 232;
607 2326 689 2388 Can.
711 2324 795 2402 133.)

358 2478 405 2538 15.
449 2476 568 2539 Stricte
602 2476 803 2554 injungimus
828 2476 981 2539 omnibus
1006 2475 1229 2539 sacerdotibus
1254 2483 1293 2537 ut
1319 2495 1340 2536 a
1365 2475 1462 2537 rebus

313 2592 453 2670 politicis
489 2612 620 2670 prorsus
656 2593 853 2656 abstineant.
898 2592 1015 2666 Nem0,
1053 2592 1123 2655 sine
1160 2591 1283 2654 Nostra
1319 2590 1460 2664 licentia,

314 2717 501 2786 praesumat
523 2709 604 2786 juris
627 2709 750 2787 publici
774 2709 881 2772 facere
906 2728 1000 2772 suam
1025 2709 1067 2770 de
1091 2707 1283 2771 officialibus
1308 2706 1463 2770 adminis-

312 2825 465 2888 trationis
488 2824 600 2900 civilis,
625 2826 679 2888 vel
701 2825 743 2888 de
766 2825 950 2888 candidatis
973 2824 1161 2903 petentibus
1184 2843 1320 2886 munera
1343 2823 1460 2897 civilia,

286 2969 288 2974 ·
313 2941 599 3018 existimationem
633 2961 693 3004 nec
715 2941 846 3005 tolerari
869 2942 971 3020 possit
995 2941 1093 3020 quod,
1117 2941 1179 3003 sub
1202 2940 1348 3019 quolibet
1371 2960 1462 3018 prae-

312 3064 416 3131 textu,
432 3057 467 3119 hi
482 3057 649 3121 candidati
664 3077 798 3121 causam
812 3078 907 3120 suam
922 3078 998 3120 cum
1013 3058 1134 3135 populo
1149 3065 1249 3135 agant
1264 3057 1300 3119 in
1314 3055 1462 3119 aedificio

313 3173 429 3252 quovis
448 3174 629 3252 paroeciali.
677 3164 768 3253 (Syn.
787 3175 838 3250 V.,
860 3173 943 3252 144.)

359 3324 406 3386 16.
449 3322 605 3386 Sacerdos
621 3323 734 3387 sedulo
751 3323 874 3402 cogitet
894 3332 1075 3403 antequam
1093 3343 1214 3385 nomen
1234 3322 1292 3386 det
1312 3321 1461 3385 societati

312 3438 459 3501 nondum
476 3439 659 3517 recognitae
676 3448 710 3502 et
727 3441 929 3518 approbatae
945 3449 985 3503 ut
1002 3440 1190 3503 catholicae.
1239 3437 1282 3502 In
1299 3438 1400 3502 dubio
1421 3439 1462 3503 de

314 3556 486 3619 honestate
502 3555 577 3619 finis
595 3557 743 3634 ejusdem
760 3557 908 3620 consulet
927 3556 1145 3620 Ordinarium.

356 3703 403 3766 17.
447 3703 655 3781 Spectaculis
677 3705 810 3778 choreis,
832 3713 865 3768 et
886 3704 1015 3783 pompis
1038 3724 1122 3783 quae
1141 3723 1196 3766 eos
1216 3703 1385 3778 dedecent,
1407 3703 1461 3766 vel

311 3818 430 3898 quibus
454 3819 585 3883 clericos
608 3821 763 3884 interesse
788 3821 941 3884 scandalo
966 3821 1019 3894 sit,
1045 3819 1235 3898 praesertim
1260 3820 1296 3881 in
1321 3819 1461 3898 publicis

312 3935 459 4009 theatris,
475 3955 518 3997 ne
532 3935 693 4000 intersint.
740 3935 831 4015 (Syn.
852 3938 910 4012 II.,
931 3939 1003 4014 191;
1031 3937 1113 4000 Can.
1133 3935 1216 4014 140.)

355 4085 403 4148 18.
447 4082 622 4146 Canonum
658 4093 832 4163 praecepta
869 4094 1021 4163 urgentes
1059 4085 1269 4164 prohibemus
1306 4085 1460 4148 omnibus

311 4199 432 4263 clericis
448 4220 506 4278 per
522 4219 556 4263 se
570 4201 624 4263 vel
640 4221 697 4279 per
713 4201 793 4265 alios
808 4201 1046 4279 negotiationes
1062 4211 1122 4265 aut
1137 4209 1357 4264 mercaturam
1373 4221 1461 4264 exer·

311 4335 391 4391 cere,
419 4316 488 4380 sive
511 4317 547 4380 in
570 4317 736 4396 propriam
760 4318 829 4380 sive
853 4318 888 4380 in
913 4319 1052 4381 aliorum
1076 4318 1269 4394 utilitatem;
1306 4338 1365 4396 pro
1390 4317 1461 4381 aliis
