3538 5190
764 608 1063 654 CONSTITUTIONES.

768 857 974 929 TITULUS
1003 859 1071 928 vl.

733 1023 795 1094 De
818 1026 1096 1095 Eucharlstla.

532 1232 534 1234 -
574 1189 698 1252 Sacrro
727 1191 754 1252 1.
802 1189 859 1252 Da
885 1189 1083 1253 Sacarercro
1109 1189 1256 1252 Mrssnu.

379 1356 429 1417 50.
474 1354 615 1416 Curetur
645 1354 734 1417 omni
765 1354 875 1417 studio
903 1353 943 1418 ut
973 1353 1146 1432 purissima
1176 1353 1410 1432 aptissimaque
1440 1354 1483 1417 sit

334 1469 475 1533 materia
504 1490 589 1552 quae
621 1470 665 1533 ad
696 1470 752 1533 SS.
781 1470 1007 1534 Eucharistiae
1034 1469 1270 1534 confectionem
1297 1469 1481 1532 adhibetur.

337 1585 475 1649 Hostiae
487 1585 552 1649 sint
565 1607 603 1649 ex
615 1585 716 1649 tritici
728 1586 834 1650 farina
846 1595 879 1650 et
892 1607 979 1666 aqua
990 1587 1133 1650 naturali
1145 1587 1321 1650 conlectae.
1347 1587 1483 1649 Summa

334 1710 448 1764 autern
462 1701 646 1766 sollicitudo
660 1703 806 1766 adhibui
821 1703 919 1767 debet
933 1712 972 1766 ut
986 1703 1101 1767 vinum
1116 1711 1205 1767 certo
1219 1702 1395 1781 genuinum
1410 1723 1484 1781 pro·
1597 1742 1601 1750 =

335 1827 474 1881 curetur.
519 1819 566 1882 Ut
591 1819 730 1882 materia
755 1819 942 1882 omnimode
965 1820 1056 1884 licita
1081 1827 1114 1883 et
1140 1819 1251 1882 valida
1276 1819 1480 1894 adhibeatur,

333 1934 449 1998 vinum
461 1936 503 1998 ab
515 1935 593 2013 ipsis
605 1935 683 1999 vitis
695 1935 874 1999 cultoribus
885 1937 939 1999 vel
950 1957 971 2000 a
981 1935 1239 2014 negotiatoribus
1251 1935 1308 2014 qui
1321 1935 1483 1999 Catholici

335 2059 412 2114 sunt
445 2059 478 2113 et
510 2052 697 2130 exploratae
728 2052 903 2130 probitatis
935 2061 1142 2131 comparetur
1173 2060 1317 2130 oportet:
1350 2026 1416 2131 qua
1448 2051 1483 2114 in

332 2187 367 2230 re
395 2169 595 2246 singulorum
622 2170 838 2247 parochorum
865 2170 1062 2233 conscientia
1090 2177 1252 2233 oneratur.
1299 2166 1390 2247 (Syn.
1422 2169 1478 2244 11.,

337 2286 408 2360 151;
446 2285 497 2358 V.,
521 2287 579 2361 ’55;
619 2284 701 2348 Can.
730 2284 816 2363 815.)
898 2351 903 2356 ,

374 2429 424 2490 51.
469 2427 510 2490 In
527 2427 663 2490 aedibus
681 2427 827 2505 privatis
847 2435 907 2491 aut
925 2435 1017 2490 extra
1035 2388 1202 2490 ecclesiam
1219 2428 1273 2490 vel
1291 2427 1479 2502 oratorium,

217 2539 220 2545 ’
333 2544 450 2606 saltem
471 2543 741 2621 semi-publicum,
760 2543 841 2606 nulli
862 2544 1023 2608 sacerdoti
1046 2545 1122 2607 licet
1147 2543 1287 2607 Missam
1309 2545 1479 2618 celebrare,

332 2660 394 2722 nisi
416 2661 538 2723 habeat
564 2659 729 2723 licentiam
755 2660 927 2738 specialem
953 2661 1022 2723 sive
1045 2681 1066 2723 a
1090 2661 1195 2723 Nobis
1220 2661 1289 2723 sive
1314 2681 1334 2723 a
1360 2647 1496 2723 Sancta¹

331 2775 415 2840 Sede
432 2796 627 2840 concessam.
670 2777 777 2854 Quam
794 2777 960 2840 licentiam
976 2777 1066 2855 justa
1082 2786 1216 2840 tantum
1236 2798 1274 2841 ac
1294 2777 1481 2854 rationabili

331 2893 373 2956 de
393 2913 491 2956 causa
511 2893 640 2956 nonnisi
660 2894 695 2956 in
715 2893 970 2958 extraordinario
992 2913 1070 2958 casu
1093 2903 1127 2958 et
1151 2915 1208 2972 per
1228 2895 1364 2958 modurn
1387 2902 1481 2957 actus

331 3010 553 3072 concedemus.
601 3008 696 3087 (Can.
716 3012 787 3084 822,
810 3009 914 3087 1194.)

373 3153 422 3214 52.
465 3122 612 3229 Excepto
643 3151 696 3214 die
728 3151 924 3215 Nativitatis
956 3152 1091 3215 Domini
1122 3160 1155 3215 et
1186 3152 1240 3215 die
1271 3152 1478 3216 Commemo·

313 3266 465 3352 vrationis
488 3267 644 3331 Omnium
666 3267 828 3331 Fidelium
854 3268 1103 3342 Defunctorum
1125 3288 1192 3331 non
1217 3269 1292 3331 licet
1318 3267 1479 3332 sacerdoti

231 3391 233 3395 “
329 3383 437 3460 plures
459 3383 493 3446 in
515 3383 568 3447 die
590 3383 750 3446 celebrare
773 3384 902 3459 Missas,
926 3384 988 3447 nisi
1010 3385 1131 3448 habeat
1154 3384 1198 3448 ad
1220 3385 1283 3447 hoc
1305 3384 1477 3463 specialem

330 3498 522 3563 facultatem
542 3521 562 3562 a
583 3500 687 3564 Nobis
707 3521 764 3579 per
785 3500 1022 3564 Cancellan'um
1043 3501 1202 3564 Nostrum
1222 3488 1473 3564 concedendam.

328 3617 425 3679 Hanc
450 3625 562 3679 tamen
587 3618 781 3682 facultatem
806 3618 941 3681 binandi
967 3638 1035 3680 non
1060 3619 1273 3681 concedemus
1299 3619 1370 3692 nisi,
1400 3638 1478 3681 curn

327 3733 481 3812 prudenti
510 3733 633 3797 Nostro
661 3733 784 3812 judicio
813 3743 947 3813 propter
975 3734 1145 3813 penuriam
1174 3735 1390 3808 sacerdotum,
1424 3734 1478 3798 die

326 3850 410 3913 festo
433 3851 474 3913 de
496 3859 669 3929 praecepto
691 3859 750 3914 aut
773 3852 826 3914 die
849 3851 1030 3925 Dominica,
1054 3852 1209 3915 notabilis
1230 3851 1376 3914 fidelium
1398 3871 1475 3930 pars

325 3967 420 4031 aliter
438 3966 562 4030 Missae
578 3967 710 4052 adstare
726 3988 794 4031 non
811 3976 930 4046 posset.
977 3966 1059 4046 (Syn
1076 3968 1127 4042 V.,
1150 3971 1222 4044 100;
1242 3968 1323 4031 Can.
1344 3967 1430 4045 806.)

366 4120 416 4181 53.
461 4117 607 4192 Parochi,
626 4118 688 4180 hac
704 4117 864 4182 facultate
880 4117 1091 4181 habitualiter
1108 4117 1300 4196 indigentes,
1318 4125 1474 4181 tenentur

324 4233 368 4294 ad
379 4232 618 4296 Cancellarium
628 4232 788 4297 Nostrum
799 4234 934 4312 dirigere
944 4233 1137 4312 petitionem
1147 4254 1214 4297 una
1228 4254 1304 4297 cum
1316 4233 1474 4298 relatione

322 4349 523 4412 motivorum
547 4350 653 4428 primo
678 4350 730 4413 die
754 4350 894 4428 januarii
918 4350 1175 4430 uniuscujusque
1199 4350 1286 4425 anni,
1314 4359 1387 4414 tum
1412 4372 1472 4430 pro
