3538 5190
707 595 1007 640 consrrrurronas.
1393 579 1435 640 59

284 793 361 837 cuas
382 782 416 837 et
437 773 648 836 immodestas
669 773 877 836 insectentur
897 772 1030 852 parochi
1051 781 1086 836 et
1107 773 1293 837 confessarii
1314 793 1434 851 easque

284 909 415 968 prorsus
436 889 594 953 damnent
615 889 855 969 juvembusque
876 889 1066 968 praesertim
1088 889 1292 968 prohibeant.
1339 886 1431 967 (Syn.

286 1006 342 1080 II.,
362 1008 412 1084 32,
429 1004 494 1083 33.)

327 1150 397 1212 160.
441 1149 482 1211 In
502 1147 593 1211 vitiis
615 1146 813 1210 insectandis
836 1146 901 1210 sint
924 1146 1163 1226 praedicatores
1185 1146 1234 1210 ita
1256 1146 1433 1225 prudentes

282 1273 321 1328 ut
343 1283 513 1342 nunquam
535 1264 615 1326 dent
636 1265 744 1326 locum
763 1263 948 1342 suspicandi
970 1283 1004 1326 se
1026 1283 1190 1342 personas,
1208 1282 1276 1325 non
1297 1270 1436 1341 peccata

283 1400 481 1459 oppugnare,
504 1387 563 1442 aut
584 1399 619 1442 se
640 1379 775 1443 scientia
795 1379 964 1442 occasione
984 1379 1186 1443 sacramenti
1208 1378 1435 1442 Poenitentiae

282 1496 403 1560 hausta
428 1495 531 1558 abuti.
575 1497 617 1559 In
641 1496 802 1558 erroribus
827 1495 1064 1559 haereticorum
1089 1495 1320 1574 impugnandis
1345 1515 1434 1558 acer·

283 1613 389 1676 bitate
406 1632 537 1690 prorsus
554 1612 751 1675 abstineant.
796 1612 830 1674 Si
847 1613 1003 1690 pecuniae
1020 1611 1227 1691 quaestiones
1244 1632 1262 1674 e
1279 1619 1434 1689 suggestu

284 1729 477 1793 tractandae
490 1728 556 1791 sint
569 1728 603 1791 id
615 1728 719 1791 rarius
732 1737 766 1792 et
780 1728 981 1791 considerate
993 1727 1063 1791 fiat.
1108 1729 1289 1807 Nunquam
1301 1727 1436 1806 negotia

283 1846 417 1925 politica
447 1845 501 1908 vel
533 1845 597 1908 alia
628 1844 773 1922 religioni
806 1845 911 1910 aliena
953 1864 1012 1922 pro
1044 1853 1237 1922 argumento
1275 1844 1434 1908 sermonis

283 1971 501 2026 assumantur.
548 1959 639 2040 (Syn.
665 1962 721 2036 II.,
749 1960 868 2038 19-21.)

647 2175 701 2236 ΒΕ
718 2175 856 2237 Pensio
872 2174 1080 2238 Caraomco.

327 2327 395 2387 161.
440 2325 620 2402 Nunquam
645 2344 712 2386 non
737 2325 946 2387 recordentur
972 2325 1156 2388 sacerdotes
1180 2325 1305 2387 malum
1340 2344 1433 2402 prae-

284 2440 417 2518 cipuum
452 2447 583 2502 nostrae
619 2441 738 2503 aetatis
774 2460 843 2502 esse
879 2441 1024 2519 egregiae
1060 2441 1140 2504 artis
1175 2441 1433 2519 typographicae

283 2557 423 2620 abusum
446 2557 654 2632 effrenatum
686 2565 791 2646 'atque
813 2577 944 2632 erroreS,
969 2557 1027 2637 qui
1050 2558 1218 2620 abstrusas
1241 2557 1433 2620 auctoritati

282 2681 356 2737 tum
372 2672 539 2750 religiosae
555 2681 629 2735 turn
647 2673 733 2735 civili
750 2672 929 2735 moliuntur
946 2673 1089 2748 insidias,
1108 2673 1256 2752 quotidie
1273 2674 1380 2752 spargi
1398 2674 1433 2736 in

282 2791 381 2863 libris,
403 2789 523 2864 diariis
544 2788 694 2868 foliisque
713 2789 866 2867 profanis
911 2789 1037 2852 Fideles
1056 2789 1191 2868 proinde
1211 2809 1307 2868 saepe
1326 2790 1433 2868 gravi-

282 2915 397 2986 terque
414 2914 611 2969 moneantur
628 2914 667 2969 ut
686 2905 764 2968 folia
782 2905 855 2979 ista,
876 2905 911 2967 in
929 2906 1048 2984 quibus
1066 2906 1220 2968 neoterici
1239 2926 1360 2968 errores
1379 2905 1432 2968 vel

283 3023 442 3101 principia
467 3021 660 3085 socialistica
685 3023 754 3084 sive
779 3030 892 3099 aperte
923 3030 1172 3100 propugnantur
1197 3022 1266 3084 sive
1291 3022 1432 3085 latenter

282 3138 499 3212 insinuantur,
516 3139 629 3216 procul
643 3159 663 3202 a
678 3159 712 3201 se
727 3138 858 3218 suisque
872 3138 1023 3202 domibus
1038 3147 1179 3212 arceant,
1196 3138 1432 3218 invigilentque

283 3275 325 3317 ne
349 3255 424 3317 aba
448 3255 543 3317 bons
567 3229 712 3318 moribus
738 3254 884 3332 injmiosi
910 3255 1069 3333 juvenum
1093 3254 1246 3317 manibus
1270 3262 1432 3331 terentum

282 3370 382 3434 libros
404 3370 514 3450 potius
536 3370 639 3434 bonos
661 3379 695 3434 et
718 3370 938 3449 ephemerides
965 3370 1141 3452 catholicas
1166 3379 1278 3434 emant
1304 3390 1342 3433 ac
1367 3370 1434 3434 dis-

282 3487 453 3551 seminent.
500 3484 591 3565 (Syn.
607 3487 658 3561 V,
675 3484 720 3564 6.)

326 3630 395 3693 162.
439 3629 512 3707 Quo
535 3601 668 3692 'facilius
696 3628 786 3706 apud
814 3637 980 3692 nostratos
1008 3629 1071 3691 hoc
1099 3628 1168 3690 fieri
1198 3627 1301 3706 possit
1330 3637 1436 3708 atque

283 3744 442 3825 principia
458 3764 535 3808 vere
552 3744 713 3808 catholica
729 3752 913 3823 opportune
929 3745 1132 3808 illustrentur
1146 3765 1185 3807 ac
1202 3744 1433 3820 defendantur,

283 3861 501 3926 constitutum
519 3869 569 3924 est
586 3860 638 3924 uti
656 3860 835 3939 ephemeris
852 3860 1043 3924 dioecesana
1061 3860 1333 3924 commentarimn
1350 3860 1435 3925 illud

281 3977 519 4042 hebdomadale
536 3977 629 4040 “The
644 3977 763 4041 Pilot.'’
807 3977 928 4041 Omnes
943 3977 1043 4056 igitur
1058 3976 1168 4040 fideles
1183 3977 1337 4040 hortandi
1354 3985 1434 4040 sunt

283 4094 344 4158 “ut
355 4095 454 4174 hujus
465 4093 640 4157 tuitionem
651 4102 685 4157 et
697 4093 903 4156 diffusionem
915 4093 1140 4156 commentarii
1151 4113 1210 4172 pro
1222 4113 1282 4157 sua
1293 4094 1436 4173 quisque

281 4211 440 4276 facultate
460 4209 657 4288 adjuvent”;
692 4207 811 4288 (Epist.
834 4209 884 4273 Pii
905 4210 968 4272 ΡΡ.
991 4210 1033 4272 X.
1055 4209 1099 4272 ad
1119 4209 1268 4288 Archiep.
1291 4211 1430 4286 Boston,

283 4329 322 4391 17
352 4327 429 4406 Apr.
464 4324 569 4407 1909).
613 4325 792 4406 Omnisque
821 4326 970 4390 sacerdos
999 4326 1034 4388 in
1063 4327 1260 4390 conscientia
1299 4335 1434 4391 tenetur
