3538 5190
307 568 349 630 54
713 583 757 628 oe
781 582 904 630 o1v1no
927 582 1050 628 curru.
1151 575 1153 580 '

353 765 421 828 140.
464 763 623 827 Volumus
642 771 681 826 ut
701 763 837 826 Festum
850 763 1024 826 Patronale
1044 761 1195 825 ecclesiae
1208 762 1453 841 cujuscumque,

307 881 378 944 sive
395 888 610 954 consecratae,
630 880 699 943 sive
715 888 849 943 tantum
865 879 1065 952 benedictae,
1084 887 1118 942 et
1136 880 1272 941 Festum
1289 887 1362 942 tum
1380 899 1456 942 con·

308 998 497 1060 secretionis
508 1005 581 1060 tum
593 997 682 1061 tituli
694 996 846 1060 ecclesiae
857 995 1033 1075 quotannis
1045 995 1231 1059 solemniter
1242 996 1454 1071 celebrentur,

308 1113 375 1177 ritu
395 1133 512 1192 nempe
531 1113 654 1192 duplici
672 1113 797 1191 primae
817 1112 927 1176 classis
947 1132 1022 1175 cum
1042 1120 1171 1187 octava,
1192 1132 1213 1174 a
1233 1111 1456 1175 sacerdotibus

306 1231 460 1294 ecclesiae
479 1230 660 1308 adscriptis
681 1238 754 1293 tum
773 1250 833 1308 pro
852 1229 965 1303 Missa,
986 1237 1060 1292 tum
1079 1248 1138 1306 pro
1157 1228 1274 1304 offici0;
1294 1249 1315 1291 a
1334 1229 1456 1307 populo
1543 1234 1545 1238 '

307 1356 421 1410 autem
462 1345 691 1410 devotionibus
731 1346 858 1409 festivis
899 1345 1071 1409 consuetis.
1115 1345 1150 1408 Si
1190 1344 1305 1408 melius
1347 1344 1456 1407 visum

309 1463 417 1537 luerit,
443 1463 631 1526 solemnitas
655 1463 726 1541 ipsa
750 1462 839 1526 Festi
862 1462 1030 1526 transferri
1054 1470 1163 1540 potest
1188 1461 1223 1524 in
1248 1461 1456 1524 Dominicam

307 1589 499 1658 sequentem
515 1579 609 1658 juxta
624 1580 769 1642 rubricas
785 1580 826 1643 de
841 1579 1029 1657 hujusmodi
1046 1578 1146 1642 festis.
1193 1576 1284 1657 (Syn.
1303 1578 1363 1652 ΙΙ.,
1384 1580 1456 1654 169;

309 1696 377 1769 Ν,
395 1698 449 1773 92;
476 1696 557 1759 Can.
577 1697 665 1770 1167,
685 1695 789 1773 1278.)

354 1865 422 1926 141.
467 1863 578 1926 Sciant
604 1863 787 1926 sacerdotes
815 1862 950 1925 Festum
980 1861 1091 1925 Sancti
1121 1861 1250 1925 Patritii
1282 1861 1325 1924 ad
1355 1861 1457 1925 ritum

309 1979 447 2057 duplicis
479 1978 602 2058 primae
633 1979 744 2042 classis
778 1998 837 2056 pro
871 1978 994 2042 Nostra
1028 1977 1254 2044 archidioecesi
1290 1978 1457 2041 elevatum

310 2096 421 2171 fuisse;
458 2094 573 2158 addito
598 2095 765 2173 privilegio
790 2115 849 2173 pro
873 2094 1023 2158 fidelibus
1048 2093 1195 2157 lucrandi
1219 2093 1456 2171 indulgentiam

309 2211 488 2291 plenariam
524 2212 703 2274 secundum
741 2220 913 2274 consuetas
951 2211 1161 2274 conditiones.
1225 2208 1363 2287 (Indult.
1414 2213 1453 2274 29

310 2329 408 2402 Nou,
428 2327 533 2405 1883.)

354 2497 422 2558 142.
467 2494 628 2558 Studeant
652 2494 796 2557 maxima
816 2513 891 2556 cum
918 2513 996 2556 cura
1021 2493 1154 2572 parochi
1176 2501 1210 2555 et
1231 2493 1346 2558 vicarii
1372 2493 1457 2571 leges

308 2620 440 2675 nostrae
474 2612 657 2675 dioeceseos
690 2610 777 2676 circa
810 2609 1044 2674 abstinentiam
1073 2617 1106 2679 et
1133 2609 1296 2689 jejunium
1330 2629 1457 2672 necnon

308 2736 343 2791 et
369 2728 497 2791 indulta
531 2727 740 2805 particularia
773 2727 878 2790 Nobis
903 2747 924 2789 a
949 2726 1070 2790 Sancta
1095 2725 1178 2788 Sede
1212 2745 1364 2789 concessa
1389 2725 1453 2788 hac

308 2845 419 2919 dere,
447 2851 481 2906 et
507 2852 620 2907 curent
646 2843 756 2908 fideles
782 2844 844 2908 sibi
871 2842 1060 2908 commissos
1090 2842 1248 2905 instruere
1279 2842 1457 2905 semmdum

308 2962 437 3040 regulas
462 2979 483 3023 a
506 2959 611 3023 Nobis
627 2979 826 3040 unoquoque
848 2980 935 3023 anno
949 2959 1064 3022 editas.
1112 2950 1204 3038 (syn.
1223 2959 1275 3034 V.,
1296 2957 1363 3037 27.)

712 3222 767 3284 De
783 3223 924 3286 Mus1cn
939 3223 1060 3285 Sncm.

355 3391 424 3454 143.
468 3389 639 3452 Mandatis
661 3389 866 3452 inhaerentes
889 3389 982 3451 Ssmi.
1003 3389 1045 3451 D.
1065 3389 1108 3452 N.
1128 3389 1177 3453 Pii
1202 3389 1265 3451 ΡΡ.
1287 3387 1342 3463 X.,
1365 3388 1459 3466 cujus

310 3506 395 3584 leges
418 3505 459 3568 de
481 3505 606 3568 musica
628 3525 730 3580 saera,
756 3505 791 3567 in
814 3505 914 3568 Motu
938 3505 1072 3583 Proprio
1101 3505 1154 3568 die
1182 3506 1221 3566 22
1249 3504 1457 3578 Novembris,

314 3623 392 3686 1903
427 3622 521 3695 latas,
557 3621 709 3685 volumus
745 3622 787 3684 ab
823 3621 975 3685 omnibus
1010 3621 1053 3685 ad
1088 3622 1233 3685 litteram
1270 3621 1456 3695 servandas,

309 3757 481 3801 monemus
522 3739 680 3817 parochos
716 3747 756 3802 ut
794 3738 964 3816 invigilent
1003 3738 1046 3801 ad
1084 3739 1205 3801 abusus
1245 3736 1459 3800 eliminandos

310 3855 368 3935 qui
394 3855 428 3916 in
453 3862 555 3918 centu
583 3854 800 3920 ecclesiastico
830 3854 1036 3918 invaluerint.
1090 3855 1221 3918 Profani
1252 3853 1458 3932 potissimum

311 3971 435 4034 moduli
459 3971 558 4035 sacris
581 3972 733 4037 ecclesiae
757 3971 968 4035 concentibus
993 3991 1163 4051 nunquam
1192 3990 1323 4049 prorsus
1352 3970 1459 4032 immi-

310 4096 471 4151 sceantur.
515 4089 602 4152 Tota
619 4088 744 4152 musica
762 4108 847 4167 quae
864 4088 1038 4151 adhibetur
1057 4095 1171 4151 sancta
1189 4095 1222 4150 et
1241 4087 1459 4150 ecclesiastica

310 4224 381 4268 esse
403 4204 536 4283 jubetur
553 4214 587 4269 et
604 4205 668 4269 arti
685 4225 782 4267 verae
805 4224 956 4268 consona,
1003 4203 1094 4283 (Syn.
1114 4205 1182 4278 IV„
1207 4205 1279 4279 181;
1305 4203 1355 4277 V.‚
1385 4203 1457 4280 107;

312 4321 394 4384 Can.
414 4319 519 4399 1264.)
