3538 5190
313 591 354 654 36
596 609 640 653 os
664 608 889 654 sncmuanro
910 609 1173 678 resumamus.

551 807 606 869 Dr
621 807 889 870 Rarrsrosnnvu
904 805 1214 870 Conrsssrorvraus

351 975 400 1038 70.
444 973 497 1036 Ad
513 972 622 1036 valide
642 972 858 1036 absolvendas
878 972 1041 1051 religiosas
1061 992 1100 1035 ac
1120 972 1263 1036 novitias
1285 993 1458 1052 quascum-

310 1111 383 1171 que,
398 1098 627 1169 praeterquam
639 1089 674 1151 in
685 1089 801 1153 mortis
814 1089 965 1167 periculo
981 1089 1127 1168 spec'alis
1140 1108 1160 1152 a
1174 1088 1279 1152 Nobis
1296 1089 1459 1168 delegatio

311 1227 460 1286 expressa
476 1205 661 1285 requiritur.
708 1203 803 1282 (Can.
822 1203 908 1282 876.)

351 1383 401 1446 71.
444 1380 562 1444 Valida
578 1388 690 1443 tamen
707 1387 741 1444 et
758 1380 848 1443 licita
865 1387 914 1443 est
932 1379 1090 1443 confessio
1107 1379 1141 1442 in
1158 1380 1305 1459 qualibet
1323 1379 1458 1442 ecclesia

310 1498 364 1561 vel
386 1497 529 1560 oratorio
552 1497 652 1559 etiam
676 1496 900 1574 semi-publico
923 1504 1056 1574 peracta
1082 1516 1103 1558 a
1130 1495 1278 1574 religiosa
1305 1515 1390 1575 quae
1415 1495 1459 1558 ad

312 1633 389 1676 suae
399 1612 615 1676 conscientiae
624 1613 897 1692 tranquillitatem
907 1611 1005 1675 adeat
1016 1612 1247 1675 confessarium
1258 1630 1458 1691 quemquam

312 1730 346 1793 in
365 1730 428 1794 hac
448 1729 585 1793 dioecesi
605 1729 828 1806 jurisdictione
848 1728 891 1792 ad
910 1729 1060 1792 mulieres
1080 1729 1298 1793 absolvendas
1318 1727 1461 1806 gauden-

311 1855 390 1909 tem.
446 1845 561 1908 Talem
590 1845 821 1908 confessarium
847 1853 1015 1922 practerea
1040 1845 1188 1922 religiosa
1214 1864 1289 1907 cum
1315 1843 1460 1922 graviter

312 1969 457 2040 aegrotet
472 1961 515 2025 ad
530 1981 564 2024 se
580 1980 738 2024 arcessere
755 1969 873 2039 potest,
889 1961 984 2040 eique
1001 1961 1198 2038 perdurante
1215 1960 1306 2038 gravi
1324 1960 1459 2022 infirmi-

311 2087 382 2143 tate
401 2065 687 2158 quoticsvoluerit
707 2077 863 2141 confiteri.
910 2075 1005 2153 (Can.
1027 2079 1098 2152 522,
1120 2074 1206 2153 523.)

354 2253 403 2316 72.
447 2251 520 2314 Hoc
542 2250 661 2314 ultimo
685 2270 763 2313 casu
786 2258 931 2329 excepto
957 2249 1078 2313 scilicet
1102 2251 1222 2327 gravae
1245 2248 1457 2324 infirmitatis

311 2369 398 2433 intra
433 2367 653 2445 religiosarum
694 2367 808 2431 domos
852 2367 906 2429 vel
941 2367 1083 2430 oratoria
1128 2366 1343 2430 confessiones
1389 2385 1461 2443 per-

313 2505 466 2549 sonarum
507 2483 726 2564 quarumlibet
769 2482 870 2546 etiam
912 2483 1124 2546 saecularium
1166 2482 1212 2546 ibi
1253 2482 1458 2545 versantium

311 2603 456 2680 excipere
471 2602 539 2664 sine
553 2601 650 2664 venia
665 2600 795 2679 speciali
810 2601 977 2663 nonlicet.
1024 2599 1115 2678 (Syn.
1133 2601 1189 2674 11,
1207 2597 1273 2676 93.)

656 2847 711 2909 Dr
727 2846 878 2911 Casurus
893 2847 1119 2912 Rassnvnrrs.

356 3015 406 3078 73.
450 3013 568 3077 Nullus
581 3013 714 3076 omnino
727 3013 885 3087 sacerdos
899 3013 933 3075 vi
946 3012 1178 3090 jurisdictionis
1191 3012 1260 3075 sive
1272 3011 1460 3090 paroecialis

314 3131 383 3194 sive
398 3150 419 3192 a
435 3129 539 3194 Nobis
555 3129 732 3208 delegatae,
750 3136 868 3207 potest,
886 3137 1115 3208 praeterquam
1130 3128 1165 3190 in
1180 3129 1318 3191 articulo
1333 3128 1459 3202 mortis,

314 3247 657 3311 absolvereaeensura
673 3245 1015 3309 excommunicationis
1027 3247 1097 3309 lata
1108 3245 1316 3308 innonnullis
1334 3245 1462 3307 casibus

314 3363 349 3426 in
364 3364 433 3441 lege
448 3361 682 3436 determinatis,
699 3361 881 3441 interquos
898 3370 1068 3441 sequentes
1084 3361 1257 3440 praecipue
1271 3361 1368 3439 juvat
1384 3380 1462 3438 prae

317 3488 428 3542 mente
446 3479 575 3542 habere.

362 3613 388 3675 Ι.
433 3612 572 3675 Sanctae
587 3611 662 3674 Sedi
675 3619 883 3674 reservantur
891 3632 940 3674 :—

436 3748 463 3808 1.
491 3744 720 3822 specialissimo
735 3745 844 3818 mode,
863 3763 956 3806 casus
973 3742 1006 3821 a)
1025 3743 1225 3807 absolventis
1241 3743 1295 3806 vel
1310 3743 1463 3822 fingentis

491 3861 659 3924 absolvere
671 3861 861 3939 complicem
873 3861 908 3922 in
920 3869 1055 3939 peccato
1066 3860 1156 3938 turpi
1172 3858 1266 3936 (2367
1268 3857 1296 3936 );
1320 3858 1356 3936 b)
1372 3879 1464 3938 prae-

493 3977 651 4040 sumentis
664 3976 786 4040 directe
798 3977 920 4040 violare
933 3976 1073 4054 sigilium
1090 3976 1325 4039 sacramentale
1340 3974 1461 4053 (2369).

434 4112 464 4174 2.
492 4109 622 4188 speciali
636 4110 745 4184 modo,
763 4111 857 4172 casus
872 4108 905 4186 a)
924 4118 1160 4188 apostatam,
1177 4107 1415 4172 haereticorum
1430 4119 1464 4172 et

492 4225 780 4300 schismaticonrm,
802 4226 865 4289 nisi
885 4227 974 4304 prius
994 4226 1028 4288 in
1048 4226 1119 4289 foro
1139 4234 1272 4289 externo
1292 4225 1464 4304 abjurave-

492 4343 569 4416 rint,
582 4342 719 4405 servatis
731 4342 765 4404 in
776 4342 848 4420 jure
859 4342 1026 4405 servandis
1041 4340 1164 4418 (2314);
1188 4339 1224 4419 b)
1238 4341 1378 4421 ejusqui
1389 4362 1466 4406 con-
