3538 5190
707 573 1006 619 CONSTITUTIONES.

720 817 928 890 TITULUS
956 820 1007 888 X.

684 985 747 1056 De
770 986 1045 1056 Matrimonlo.

328 1152 378 1215 86.
423 1151 532 1228 Quum
548 1149 749 1213 matrimonii
765 1149 907 1228 dignitas
924 1158 957 1213 et
974 1150 1177 1228 praestantia
1192 1149 1296 1227 magis
1318 1148 1436 1227 magis-

287 1287 351 1346 que
381 1267 471 1345 apud
500 1267 698 1330 acatholicos
727 1267 762 1329 in
791 1266 860 1329 dies
889 1267 1101 1345 deprimatur,
1132 1266 1259 1330 nullum
1289 1265 1436 1328 studium

287 1385 450 1448 omittant
463 1384 646 1447 sacerdotes
659 1404 724 1463 quo
737 1383 847 1446 fideles
860 1383 901 1446 de
914 1383 985 1461 ejus
998 1383 1175 1447 sanctitate
1187 1392 1221 1447 et
1239 1383 1437 1461 obligatione

287 1500 495 1574 edoceantur,
519 1508 620 1579 atque
641 1499 684 1562 ad
711 1500 792 1563 illud
812 1500 863 1563 uti
884 1507 1125 1563 sacramentum
1146 1519 1303 1577 magnum
1324 1519 1437 1561 vener-

288 1616 412 1679 andum
439 1617 646 1680 inducantur.
690 1617 883 1695 Opportune
908 1624 1105 1678 moneantur
1131 1615 1241 1678 fideles
1267 1615 1436 1678 vinculum

286 1733 487 1796 matrimonii
513 1752 582 1796 esse
617 1733 847 1807 indissolubile,
875 1741 909 1796 61
934 1732 1024 1795 nullo
1049 1732 1148 1795 modo
1185 1751 1279 1810 posse
1304 1752 1324 1794 a
1350 1730 1438 1796 civili

288 1850 485 1912 auctoritate
504 1849 664 1927 abrumpi.
712 1837 809 1932 (Syn.
829 1849 973 1928 11.,113,
994 1836 1083 1930 117.)

330 2017 380 2080 87.
425 2015 530 2078 Semel
547 2016 663 2079 saltem
680 2015 715 2077 in
731 2035 828 2106 ann0,
844 2023 991 2093 tempore
1009 2013 1199 2092 praesertim
1216 2014 1388 2078 Adventus
1406 2022 1439 2077 61

289 2132 572 2210 Quadragesimae,
590 2152 632 2195 ne
652 2132 810 2195 omittant
832 2132 965 2210 parochi
985 2131 1096 2195 fideles
1113 2131 1175 2194 sibi
1196 2131 1345 2194 subditos
1363 2151 1439 2208 pru-

289 2249 409 2311 dentur
437 2249 564 2311 erudire
592 2249 633 2311 de
662 2255 866 2311 sacramento
893 2248 1095 2311 matrimonii
1127 2248 1263 2327 ejusque
1301 2247 1438 2325 impedi-

289 2365 418 2440 mentis
440 2366 545 2446 deque
564 2366 712 2444 periculis
731 2365 931 2429 matrimonii
949 2365 1053 2429 mixti.
1077 2394 1079 2400 ·
1101 2363 1191 2444 (Syn.
1213 2365 1263 2439 V,
1279 2365 1332 2440 73;
1353 2363 1436 2427 Can.

291 2481 395 2558 1018.)

331 2633 381 2694 88.
425 2631 627 2694 Rudimenta
642 2630 719 2694 fidei
734 2630 959 2709 ignorantibus
975 2638 1008 2693 61
1024 2630 1095 2693 aliis
1110 2629 1283 2693 manifeste
1298 2629 1438 2707 indignis

289 2748 481 2810 contrahere
508 2747 694 2811 volentibus
723 2748 906 2811 sacerdotes
934 2767 1002 2809 non
1029 2746 1194 2809 assistant.
1248 2745 1327 2809 Ideo
1355 2765 1438 2824 nup-

290 2863 448 2928 turientes
469 2863 665 2938 examinent,
687 2871 721 2926 et
743 2863 949 2926 Christianae
969 2863 1137 2927 doctrinae
1157 2882 1287 2941 prorsus
1308 2863 1436 2940 ignaros

289 2981 332 3043 ad
355 2980 556 3043 matrimonii
581 2980 831 3044 celebrationem
855 3000 922 3042 non
945 2980 1136 3062 admittant.
1190 2979 1439 3042 Admoneantur

288 3097 534 3161 matrimonium
569 3097 682 3160 inituri
710 3105 759 3170 ut,
785 3105 965 3176 antequam
998 3097 1204 3170 contrahant,
1235 3103 1439 3158 sacramenta
1543 3141 1550 3162 1

288 3213 508 3292 poenitentiae
535 3221 568 3276 et
607 3212 831 3277 Eucharistiae
858 3213 911 3291 pie
938 3213 1126 3290 suscipiant,
1155 3232 1221 3291 quo
1249 3212 1367 3274 certius
1395 3210 1438 3273 ad

287 3329 543 3404 matrimonium,
573 3338 813 3408 sacramentum
840 3329 1001 3403 vivorum,
1040 3329 1075 3391 in
1112 3336 1204 3392 statu
1230 3327 1363 3406 gratiae,
1394 3335 1439 3397 et,

290 3467 356 3527 qua
375 3467 435 3525 par
446 3457 496 3510 est
509 3447 691 3522 devotione,
705 3447 872 3511 accedant.
919 3446 1009 3526 (Syn.
1025 3447 1081 3520 ΙΙ,
1099 3449 1170 3522 114;
1184 3447 1251 3520 IV,
1269 3448 1341 3521 134;
1354 3444 1436 3508 Can.

292 3565 381 3659 1020,
402 3566 490 3638 1033,
511 3566 599 3638 1065,
621 3561 727 3640 1060.)

332 3731 382 3792 89.
426 3729 589 3793 Studeant
622 3729 756 3818 parochi
788 3729 1057 3792 consuetudinem
1089 3729 1237 3807 nuptias·
1254 3728 1439 3791 celebrandi

291 3846 352 3910 sub
374 3865 508 3923 vespere
529 3846 571 3908 de
591 3845 699 3909 medio
721 3847 842 3919 tollere,
867 3855 901 3908 et
932 3845 1054 3925 ubique
1086 3845 1212 3923 praxim
1234 3845 1438 3908 introducere

291 3969 330 4024 ut
355 3961 440 4024 inira
466 3962 604 4025 Missam
629 3962 764 4026 solemni
789 3961 1014 4025 benedictione
1039 3969 1275 4025 consecrentur.
1321 3961 1440 4024 Matri-

290 4079 402 4142 monia
419 4078 653 4142 catholicorum
669 4099 839 4158 nunquam
860 4078 895 4141 in
916 4079 1023 4152 domo,
1042 4079 1099 4142 sed
1120 4079 1154 4141 in
1173 4077 1307 4141 ecclesia
1327 4071 1440 4156 paroe-

291 4195 365 4258 ciali
390 4195 592 4258 celebrentur
617 4195 718 4258 etiam
745 4195 878 4275 quando
908 4195 1031 4274 absque
1063 4196 1168 4258 Missa
1198 4195 1292 4258 fiunt.
1345 4192 1436 4273 (Syn.

293 4312 360 4384 IV,
385 4313 457 4386 132;
485 4310 567 4374 Can.
591 4309 696 4387 1109.)
