3538 5190
727 584 1026 630 coxsrrrunoxus.
1409 559 1470 629 35'

302 785 381 843 pore
406 765 550 845 paschali
575 773 738 845 quantum
759 764 829 828 fieri
855 773 964 843 potest
989 765 1024 827 in
1050 765 1180 843 propria
1206 765 1350 828 Ecclesia
1375 783 1448 842 par-

301 880 415 946 oeciali
436 882 633 944 servandum
654 881 869 964 adducantur.
917 882 988 945 Nec
1008 881 1072 944 illic
1093 881 1225 956 sistant;
1258 881 1315 943 sed
1336 899 1448 943 omnes

302 997 536 1062 Christifideles
553 1019 649 1076 saepe
668 998 712 1060 ad
731 1018 859 1060 sacrum
880 998 1067 1061 convivium
1087 999 1238 1072 invitent,
1258 997 1448 1075 praesertim

301 1114 340 1176 iis
354 1114 447 1179 lestis
460 1115 584 1189 diebus,
600 1134 683 1194 qnos
696 1114 880 1177 solemniori
894 1134 969 1176 curn
987 1134 1107 1192 pompa
1124 1113 1269 1177 Ecclesia
1286 1114 1447 1177 celebrare

301 1233 481 1296 consuevit.
528 1230 618 1311 (Syn.
638 1233 676 1295 V.
695 1233 748 1307 57;
767 1232 848 1294 Can.
867 1229 956 1307 859.)

713 1562 920 1633 TITULUS
948 1561 1035 1631 v11.
1072 1600 1074 1607 ·

535 1727 597 1816 De
621 1728 893 1799 Secu-amento
917 1729 1218 1798 Poenltentlne.

340 1891 390 1953 66.
433 1890 535 1967 Juxta
559 1891 662 1968 legem
687 1909 774 1952 nnnc
799 1889 974 1968 vigentem,
1001 1897 1129 1967 praeter
1154 1888 1362 1952 Ordinarium
1387 1909 1445 1967 po·

296 2005 426 2068 tinntur
449 2006 672 2084 jurisdictione
695 2007 858 2069 ordinaria
880 2006 923 2068 ad
947 2005 1161 2069 confessiones
1185 2005 1445 2083 accipiendas:-

297 2122 430 2201 parochi
452 2122 487 2184 in
508 2142 567 2185 sua
589 2131 722 2185 tanturn
746 2123 903 2200 paroecia,
928 2130 961 2185 et
982 2122 1105 2202 ubique
1126 2122 1161 2184 in
1182 2140 1258 2184 suos
1283 2121 1441 2195 subditos,

296 2258 397 2317 quarn
415 2235 528 2302 tamen
546 2239 693 2317 delegare
710 2259 778 2301 non
797 2246 946 2317 possunt;
977 2247 1010 2301 et
1030 2238 1209 2316 superiores
1227 2237 1365 2316 religiosi
1391 2258 1444 2300 ex-

295 2354 399 2433 empti
417 2376 476 2434 pro
494 2355 560 2418 suis
577 2363 710 2419 tantum
728 2355 876 2428 subditis,
896 2374 996 2434 quam
1014 2362 1151 2433 possunt
1168 2354 1325 2432 delegare,
1345 2354 1443 2417 salvis

297 2472 427 2535 Nostris
447 2472 582 2551 juribus,
605 2472 828 2535 sacerdotibus
848 2492 866 2534 e
887 2472 970 2534 clero
991 2470 1147 2534 saeculari
1167 2479 1226 2533 aut
1247 2471 1330 2533 alius
1349 2471 1442 2549 relig-

295 2587 387 2650 ionis
434 2586 529 2665 (Can.
550 2589 704 2662 873-875,
724 2587 810 2665 881.)

336 2739 392 2802 67.Ι
430 2738 535 2800 Salvis
553 2738 748 2816 supradictis
765 2737 900 2816 juribus,
920 2739 1028 2800 nullus
1045 2737 1178 2801 omnino
1195 2737 1358 2816 sacerdos,
1373 2737 1442 2800 sive

294 2854 466 2917 saecidaris
491 2855 560 2917 sive
583 2855 759 2932 religiosus,
784 2855 847 2918 hac
871 2855 906 2917 in
930 2854 1067 2918 dioecesi
1093 2853 1307 2917 confessiones
1333 2873 1442 2917 saecu-

293 2970 410 3033 larium
427 2978 485 3033 aut
501 2971 724 3050 religiosorum
741 2971 885 3049 excipere
905 2978 1092 3050 praesuunt
1113 2978 1204 3033 extra
1223 2971 1339 3033 mortis
1360 2971 1442 3048 peri-

292 3087 412 3162 culum,
431 3087 493 3150 nisi
509 3107 529 3150 a
546 3088 650 3152 Nobis
666 3087 923 3166 jurisdictionem
938 3087 1121 3165 delegatam
1136 3087 1267 3150 habeat.

334 3237 383 3300 68.
428 3237 542 3300 Omnis
577 3237 726 3300 sacerdos
760 3245 932 3301 extraneus
969 3237 1004 3300 in
1044 3237 1182 3301 dioecesi
1221 3237 1439 3307 ministerium

291 3372 388 3416 suum
408 3373 566 3429 exercens,
586 3354 731 3433 quolibet
752 3373 838 3416 anno
855 3361 1013 3429 vertente,
1033 3353 1207 3417 iacidtates
1229 3373 1250 3416 a
1272 3354 1377 3417 Nobis
1398 3353 1439 3417 de

291 3488 378 3532 novo
403 3477 513 3547 petere
537 3477 678 3532 tenetur.
722 3470 877 3532 Sacerdos
902 3469 1049 3549 quilibet,
1076 3469 1146 3531 sive
1171 3470 1343 3533 saecularis
1369 3471 1438 3534 sive

291 3586 465 3663 religiosus
486 3586 542 3664 qui
567 3586 653 3649 hanc
676 3586 850 3650 dioecesim
870 3584 1016 3665 qualibet
1037 3585 1079 3648 de
1099 3562 1198 3648 causa
1218 3586 1381 3664 relinquit,
1400 3607 1439 3649 eo

290 3702 360 3780 ipso
377 3702 525 3780 privatus
540 3710 652 3766 manet
668 3702 881 3766 ianrltatibus
896 3703 931 3764 in
947 3702 1061 3765 eadem
1076 3702 1123 3764 illi
1138 3702 1305 3776 concessis
1323 3722 1439 3782 quam-

289 3818 340 3881 vis
360 3818 480 3882 iterum
500 3819 535 3882 in
555 3818 704 3882 eamdem
723 3818 845 3892 redeat,
867 3819 929 3880 nisi
950 3818 1081 3897 speciali
1101 3818 1235 3882 omnino
1255 3818 1361 3896 gratia
1381 3838 1437 3882 eas

290 3936 474 3999 continuari
491 3936 716 4000 concedamus.
763 3933 854 4014 (Syn.
876 3936 920 4010 II,
941 3935 1027 4013 220.)

330 4087 380 4148 69.
425 4085 637 4148 Meminerint
651 4084 834 4148 sacerdotes
848 4084 891 4148 ad
905 4084 1120 4148 confessiones
1133 4083 1243 4148 valide
1256 4083 1436 4148 audiendas

287 4201 322 4263 vi
340 4202 482 4264 Nostrae
498 4201 709 4280 delegationis
726 4221 808 4280 opus
826 4221 894 4264 esse
912 4200 1135 4279 jurisdictione
1152 4220 1173 4264 a
1190 4200 1295 4264 Nobis
1313 4200 1436 4279 scripto

287 4318 340 4380 vel
359 4317 467 4380 verbis
486 4337 633 4396 expresse
653 4337 813 4382 concessa.
861 4315 956 4394 (Can.
979 4315 1065 4393 879.)
