3538 5190
722 549 1022 595 cousr1rur1oxas.
1408 533 1446 594 21

299 731 478 805 ministerii,
508 731 601 810 quasi
626 731 715 794 hisce
740 731 800 794 otii
826 730 1006 794 intervallis
1032 750 1099 793 non
1125 738 1290 808 oporteret
1318 730 1448 794 casibus

299 847 476 927 repentinis
492 847 670 926 providere,
689 847 834 909 infirmos
849 847 992 921 visitare,
1012 855 1070 910 aut
1090 847 1129 910 iis
1149 847 1205 926 qui
1223 847 1351 921 auxilio,
1371 867 1448 910 con·

301 965 371 1028 silio
387 965 441 1028 vel
457 965 670 1027 instructione
687 963 832 1042 indigent
850 964 951 1027 etiarn
967 972 1047 1027 tunc
1063 964 1227 1026 inservire.
1273 963 1449 1027 Conscien-

300 1083 367 1145 tiae
384 1082 600 1161 parochorum
618 1080 816 1159 imponimus
832 1088 871 1143 ut
888 1081 975 1143 hunc
989 1081 1203 1159 negligentiae
1220 1088 1253 1143 et
1271 1079 1449 1143 otiositatis

301 1199 435 1272 iontem,
460 1197 517 1261 ubi
541 1198 648 1260 adhuc
670 1197 789 1271 existit,
815 1197 1058 1276 quamprimum
1079 1197 1267 1260 obstruant.
1311 1196 1448 1259 Parochi

301 1323 334 1378 et
354 1314 416 1393 ipsi
436 1321 590 1377 tenentur
606 1314 668 1376 hac
688 1313 723 1375 in
739 1334 776 1390 re¹
791 1314 945 1392 praebere
961 1313 1145 1391 exemplum
1161 1312 1294 1376 vicariis
1312 1333 1449 1392 sequen·

301 1431 394 1507 dum;
432 1431 639 1494 meminerint
663 1431 750 1493 enirn
774 1450 808 1492 se
831 1450 988 1493 essenon
1011 1438 1144 1493 tantum
1167 1429 1450 1493 administratores

301 1547 347 1610 rei
376 1547 610 1621 oeconomicae,
641 1547 698 1609 sed
731 1546 841 1625 potius
871 1555 1018 1626 pastores
1051 1546 1154 1625 gregis
1185 1545 1308 1608 Christi
1337 1545 1450 1608 minis·
1571 1591 1573 1594 -

301 1672 435 1743 trosque
454 1671 741 1728 sacramentorum.
789 1661 879 1742 (Syn.
904 1663 971 1738 IV.,
995 1665 1070 1740 257;
1101 1663 1152 1738 V,
1179 1660 1265 1738 138.)

607 1910 663 1973 Da
685 1911 825 1974 Sruous
847 1911 1138 1976 Ecctns1asrrc1s.

347 2081 394 2142 11.
439 2077 553 2141 Otium
563 2084 596 2140 et
610 2076 778 2150 desidiam,
791 2077 885 2155 quasi
898 2084 1033 2155 pestem,
1047 2077 1151 2140 clerici
1164 2077 1297 2139 omnino
1311 2077 1449 2155 fugiant.

304 2195 450 2258 Utantur
472 2201 628 2272 tempore,
653 2193 816 2271 Sanguine
838 2194 980 2271 pretioso
1004 2193 1126 2256 Christi
1149 2201 1270 2272 empto,
1295 2193 1449 2272 illudque,

305 2318 467 2390 quantum
491 2318 637 2389 possunt,
665 2309 835 2391 diligenter
859 2318 892 2373 et
917 2310 1083 2374 fructuose
1106 2309 1313 2388 impendant;
1350 2317 1452 2389 atque

270 2433 272 2440 '
303 2427 462 2506 imprimis
486 2427 605 2500 studio,
630 2426 821 2504 praesertim
845 2413 1054 2490 scientiarum
1077 2426 1377 2501 ecclesiasticarum,
1403 2426 1453 2488 in-

304 2544 471 2607 cumbant.
518 2541 608 2621 (Syn.
626 2544 682 2618 IL,
702 2541 789 2620 200.)

349 2719 396 2781 12.
441 2716 557 2779 Clerici
577 2716 695 2791 studia,
716 2717 907 2794 praesertim
926 2737 1026 2792 sacra,
1047 2724 1179 2795 recepto
1199 2716 1389 2792 sacerdotio,
1410 2736 1452 2780 ne

305 2833 537 2896 intermittant.
581 2833 720 2911 Expleto
744 2833 844 2912 igitur
868 2833 1051 2896 studiorum
1076 2833 1243 2907 curriculo,
1269 2834 1453 2897 sacerdotes

305 2969 426 3024 omnes
443 2949 505 3012 nisi
521 2969 541 3011 a
557 2933 661 3012 Nobis
675 2949 738 3012 rite
752 2949 874 3012 fuerint
889 2950 1041 3028 exempti,
1058 2970 1194 3012 examen
1209 2950 1343 3028 singulis
1358 2950 1453 3012 annis

235 3085 236 3088 ’
306 3087 363 3145 per
386 3066 549 3144 integrum
567 3065 826 3145 quinquennium
849 3067 885 3128 in
901 3067 1036 3129 diversis
1061 3086 1226 3129 sacrarum
1243 3067 1453 3129 scientiarum

306 3183 482 3261 disciplinis
509 3190 607 3245 antea
632 3191 817 3260 opportune
843 3182 1029 3260 designatis,
1059 3183 1207 3246 subeant.
1252 3182 1315 3260 Qui
1340 3183 1376 3245 in
1396 3183 1451 3257 eiS,

304 3299 355 3362 uti
372 3319 432 3377 par
448 3306 507 3373 est,
526 3318 594 3360 non
614 3299 814 3373 satisfecerit,
832 3300 977 3378 quinque
997 3300 1090 3362 annis
1108 3299 1234 3377 elapsis,
1251 3307 1304 3361 tot
1325 3299 1453 3361 iteratis

305 3416 507 3479 examinibus
528 3415 727 3492 subjicietur,
745 3424 826 3494 quot
847 3417 937 3478 nulla
952 3417 1006 3478 vel
1026 3416 1254 3478 insufficientia
1272 3416 1315 3478 ab
1333 3415 1454 3478 exami-

305 3533 475 3596 natoribus
491 3532 612 3595 fuerint
631 3532 804 3595 declarata.
852 3531 943 3612 (Syn.
967 3533 1036 3608 IV,
1059 3535 1134 3609 236;
1161 3532 1243 3595 Can.
1269 3534 1337 3607 129,
1367 3531 1451 3610 130.)

349 3708 397 3770 13.
442 3704 505 3782 Qui
527 3705 678 3767 stimulus
699 3705 743 3769 ad
764 3707 874 3769 studia
895 3726 987 3769 sacra
1006 3705 1144 3769 ulterius
1165 3704 1392 3784 prosequenda
1413 3725 1455 3768 ne

236 3861 238 3866 ,
306 3822 400 3897 desit,
430 3821 628 3884 Collationes
656 3821 697 3890 de
724 3822 852 3885 casibus
877 3822 1056 3885 moralibus
1083 3829 1116 3884 et
1144 3823 1185 3884 de
1212 3821 1283 3884 aliis
1309 3821 1455 3885 materiis

305 3937 494 4016 theologicis
524 3936 746 4017 liturgicisque
774 3938 826 4000 bis
855 3938 890 4000 in
920 3958 1006 4001 anno
1037 3937 1294 4016 providebimus;
1336 3937 1455 4016 quibus

306 4074 418 4119 omnes
441 4053 625 4119 sacerdotes
646 4062 721 4117 tum
744 4055 931 4128 saeculares,
956 4062 1030 4117 tum
1052 4054 1191 4133 religiosi
1214 4055 1290 4117 licet
1313 4054 1456 4133 exempti

307 4191 419 4236 curam
438 4171 622 4234 animarum
640 4171 808 4246 habentes,
829 4171 984 4234 interesse
1002 4178 1166 4234 tenentur.
1209 4169 1304 4248 (Can.
1328 4169 1412 4250 131.)
