3538 5190
729 581 1032 627 consrrrnmouss.
1415 569 1456 632 45

349 762 418 824 102.
463 761 526 823 Pro
538 761 648 839 regula
662 761 824 824 habeatur
837 769 876 825 ut
889 762 1136 826 matrimonium
1153 763 1332 826 celebretur
1344 784 1454 827 coram

301 897 441 956 sponsae
468 878 618 956 paroch0,
648 898 687 941 eo
714 878 866 942 videlicet
893 878 928 940 in
957 879 1050 956 cujus
1077 879 1230 943 districtu
1257 901 1376 959 sponsa
1403 890 1453 946 est

303 993 503 1057 domiciliata
526 994 579 1057 vel
603 994 697 1073 quasi
721 994 924 1058 domiciliata
947 995 1000 1058 vel
1024 995 1093 1072 jam
1116 1015 1175 1074 per
1197 1015 1342 1060 mensem
1366 1018 1454 1060 com·

300 1119 441 1174 morata.
485 1110 536 1174 Ob
557 1110 681 1188 justam
702 1131 781 1174 vero
803 1131 937 1201 causam
958 1111 1079 1190 poterit
1099 1111 1169 1190 ipse
1188 1112 1242 1176 vel
1262 1113 1453 1178 Ordinarius

300 1226 537 1290 concederent
559 1227 696 1304 nuptiae
717 1227 801 1290 fiant
824 1247 934 1290 coram
956 1228 1098 1306 parocho
1120 1201 1239 1306 sponsi.
1284 1229 1318 1292 Si
1339 1217 1453 1293 tamen

299 1363 369 1407 una
389 1363 465 1422 pars
485 1343 528 1406 sit
548 1343 738 1417 acatholica,
761 1363 782 1406 a
803 1344 871 1408 solo
891 1344 1033 1422 parocho
1055 1344 1158 1423 partis
1183 1345 1363 1409 catholicae
1388 1347 1454 1410 dis·

300 1459 451 1538 pensatio
480 1459 622 1538 petenda
655 1467 715 1533 est,
743 1468 777 1523 et
812 1460 1059 1524 matrimonium
1092 1461 1331 1536 celebrandum,
1360 1463 1452 1526 salvo

299 1595 429 1655 semper
452 1575 551 1653 hujus
576 1576 710 1654 parochi
734 1576 806 1654 jure
833 1577 1008 1652 licentiam,
1035 1577 1063 1641 si
1087 1577 1122 1642 id
1147 1578 1209 1641 sibi
1234 1579 1317 1642 bene
1341 1579 1451 1643 visum

301 1692 409 1767 fuerit,
424 1692 621 1756 concedendi
632 1700 671 1755 ut
684 1693 821 1771 nuptiae
832 1693 914 1756 fiant
927 1693 962 1756 in
974 1694 1045 1758 loco
1056 1694 1114 1758 ubi
1126 1694 1216 1773 degit
1228 1715 1304 1773 pars
1317 1697 1452 1759 acatho-

300 1809 372 1872 lica.
419 1807 510 1888 (Syn.
529 1810 581 1884 V.,
601 1811 655 1886 83;
686 1809 768 1873 Can.
791 1809 896 1887 1097.)

344 2076 412 2139 103.
456 2074 630 2140 Celebrato
655 2076 875 2151 matrimonio,
903 2077 1062 2167 parochus
1087 2077 1141 2139 vel
1167 2076 1224 2156 qui
1249 2096 1362 2154 reapse
1378 2077 1449 2155 ejus

296 2191 386 2254 vices
404 2192 496 2270 gerit,
515 2192 585 2270 ipse
609 2209 711 2256 manu
729 2212 797 2268 sua,
818 2193 947 2256 etiamsi
964 2193 1047 2255 alius
1065 2193 1213 2256 sacerdos
1240 2193 1449 2258 matrimonio

298 2307 475 2383 adstiterit,
504 2308 619 2372 statim
645 2309 809 2372 describat
836 2309 872 2371 in
897 2309 980 2372 libro
1006 2309 1289 2373 matrimoniorum
1315 2310 1449 2390 nomina
1480 2336 1483 2340 ·

167 2458 171 2462 ·
296 2424 475 2503 conjugum
512 2445 689 2505 eommque
726 2435 910 2504 parentum,
950 2434 983 2489 et
1022 2424 1198 2488 sacerdotis
1246 2425 1450 2506 aliorumque

299 2540 448 2617 testium;
479 2541 587 2605 locum
606 2550 640 2604 et
660 2533 748 2605 diem
768 2542 922 2607 celebrati
940 2541 1154 2617 matrimonii;
1185 2561 1312 2604 necnon
1330 2550 1364 2605 et
1383 2542 1449 2605 dis-

296 2657 505 2736 pensationes
520 2658 631 2721 forsan
646 2678 824 2722 concessas.
868 2659 964 2733 Item,
982 2658 1017 2721 in
1031 2658 1114 2722 libro
1130 2657 1373 2736 baptizatorum
1388 2658 1447 2722 ubi

297 2774 464 2852 baptisma
496 2774 643 2853 conjugis
673 2775 845 2855 utriusque
875 2775 1070 2850 inscribitur,
1104 2774 1241 2838 adnotet
1273 2774 1446 2853 conjugem

296 2891 359 2953 tali
388 2890 450 2972 die
471 2891 506 2953 in
536 2911 596 2954 sua
626 2892 776 2970 paroecia
817 2890 1065 2955 matrimonium
1105 2891 1315 2966 contraxisse
1358 2891 1446 2954 idem

297 3007 414 3070 statim
438 3007 536 3071 faciet
563 3008 724 3088 siquando
748 3009 791 3072 ab
816 3007 880 3072 alio
904 3008 1046 3087 parocho
1070 3007 1203 3086 recipiet
1226 3008 1381 3071 nuntium
1405 3009 1448 3072 de

295 3123 422 3201 nuptiis
440 3143 553 3188 eorum
571 3125 628 3204 qui
647 3125 682 3187 in
700 3125 771 3203 ejus
790 3125 923 3189 ecclesia
941 3123 1102 3202 baptizati
1120 3123 1252 3187 fuerint.
1296 3124 1331 3187 Si
1349 3126 1447 3188 alter-

294 3238 372 3302 uter
393 3239 569 3319 conjugum
601 3241 679 3304 alibi
706 3241 894 3319 baptizatus
921 3241 1029 3316 fuerit,
1057 3240 1258 3304 matrimonii
1286 3241 1446 3319 parochus

293 3355 451 3420 notitiam
471 3356 545 3420 initi
567 3365 754 3421 contractus
775 3357 819 3420 ad
841 3357 1019 3437 parochum
1049 3357 1206 3435 baptismi
1227 3356 1444 3420 transmittat.

300 3470 393 3553 (syn.
412 3474 464 3554 V.,
482 3476 538 3552 84;
563 3475 644 3538 Can.
665 3473 771 3551 1103.)

343 3626 411 3688 104.
455 3624 490 3687 Si
513 3624 683 3703 contingat
707 3625 849 3704 aliquem
873 3623 1045 3703 apparenti
1069 3623 1221 3702 ligamine
1244 3623 1445 3687 matrimonii

298 3740 449 3804 vinctum
467 3761 591 3804 novum
611 3741 726 3804 foedus
745 3740 827 3804 inire
844 3741 937 3815 velle,
958 3760 998 3803 eo
1017 3748 1189 3818 praetextu
1208 3739 1301 3819 quod
1316 3739 1445 3802 irritum

294 3856 396 3921 fuerit
410 3857 499 3936 prius
513 3856 769 3933 matrimonium,
785 3857 893 3922 nullus
907 3857 1068 3936 parochus
1081 3863 1141 3921 aut
1156 3855 1296 3919 morarius
1311 3875 1444 3919 causam

298 3993 358 4038 sua
377 3975 575 4039 auctoritate
594 3957 1038 4060 dirimerefpraesumatfsed
1056 3993 1126 4036 rem
1145 3974 1188 4036 ad
1208 3972 1368 4036 Nostrum
1386 3972 1445 4036 tri·

296 4091 399 4155 bunal
423 4091 542 4155 referre
570 4098 711 4166 tenetur,
736 4090 795 4156 ubi
820 4091 915 4170 juxta
940 4090 1067 4168 regulas
1091 4088 1172 4168 juris
1197 4088 1441 4167 dijudicabitur.

296 4204 390 4287 (Syn.
409 4210 469 4283 11,
488 4210 560 4285 119;
588 4208 656 4283 IV,
676 4209 747 4285 137;
775 4207 857 4272 Can.
877 4206 981 4285 1069.)
