3538 5190
776 576 820 618 DE
843 575 1008 621 CLERICIS.

639 772 694 834 De
715 773 891 836 Panocnrs
911 790 955 834 ar
976 771 1145 836 Vulnus.

365 937 394 1000 7.
438 937 602 1000 Parochus
636 946 670 1000 et
704 937 817 1001 vicarii
852 938 1046 1016 paroeciales
1081 937 1278 1015 obligatione
1312 944 1469 1001 tenentur

323 1052 483 1116 residendi
502 1053 536 1115 in
555 1053 654 1117 domo
672 1054 854 1133 paroeciali,
875 1074 975 1133 prope
994 1074 1088 1116 suam
1107 1054 1284 1116 ecclesiam.
1328 1052 1357 1115 A
1376 1052 1470 1116 terri-

322 1169 408 1232 torio
426 1169 488 1233 sibi
507 1171 679 1233 commisso
697 1171 798 1234 etiam
817 1171 861 1235 ad
878 1173 978 1234 breve
995 1178 1127 1249 tempus
1145 1190 1187 1232 ne
1205 1169 1386 1244 discedant,
1406 1168 1469 1230 nisi

323 1285 502 1363 legitimam
529 1286 703 1350 habuerint
733 1307 874 1350 causam.
919 1287 1014 1365 Quod
1043 1287 1070 1349 si
1098 1287 1249 1351 absentia
1276 1287 1365 1349 ultra
1390 1285 1471 1348 heb-

324 1402 500 1466 domadam
530 1411 579 1466 est
609 1403 776 1478 duratura,
808 1412 937 1482 praeter
963 1404 1145 1482 legitimam
1175 1423 1317 1477 causam,
1349 1403 1471 1465 habere

324 1518 445 1581 debent
477 1519 635 1582 Nostram
667 1520 822 1598 scriptam
853 1520 1028 1594 licentiam,
1062 1540 1162 1599 quam
1193 1539 1363 1598 nunquam
1395 1538 1471 1581 con·

325 1634 484 1710 cedemus,
507 1635 569 1698 nisi
596 1636 679 1699 alius
706 1637 855 1699 sacerdos
882 1657 902 1698 a
931 1636 1036 1700 Nobis
1063 1635 1260 1714 probandus,
1286 1635 1330 1698 ad
1357 1653 1470 1698 curam

325 1751 508 1814 animarum
547 1753 786 1827 assumendam,
828 1761 958 1831 praesto
1003 1753 1055 1816 sit.
1108 1752 1229 1816 Vicarii
1269 1772 1357 1825 vero,
1401 1750 1471 1812 sive

325 1867 467 1945 adjutor,
504 1868 573 1931 sive
607 1876 805 1946 cooperator,
843 1869 943 1932 etiam
978 1869 1022 1932 ad
1055 1869 1238 1932 breviorem
1275 1867 1469 1940 absentiam,

325 1983 471 2062 indigent
501 1984 632 2048 licentia
663 1985 713 2047 sui
745 1986 887 2065 parochi.
951 1984 1042 2066 (Syn.
1073 1985 1141 2060 IV.,
1171 1987 1246 2062 256;
1284 1985 1366 2048 Can.
1400 1985 1470 2058 134,

313 2101 397 2176 Ι465,
417 2099 503 2178 476.)

368 2252 398 2314 8.
443 2250 579 2314 Parochi
614 2259 647 2314 et
681 2251 794 2315 vicarii
830 2252 865 2314 in
902 2252 1039 2315 caritate
1076 2252 1119 2314 ad
1156 2251 1296 2314 invicem
1333 2251 1472 2312 tonnam

327 2366 430 2444 gregis
448 2386 517 2429 sese
534 2367 717 2442 exhibeant,
737 2368 887 2448 hancque
903 2368 1058 2431 unionem
1076 2369 1264 2441 fraternam,
1285 2387 1386 2446 quam
1404 2366 1474 2444 ipse

329 2482 490 2545 Dominus
507 2492 547 2546 ut
565 2484 798 2562 discipulorum
816 2504 949 2548 suorum
967 2493 1123 2547 tesseram
1142 2484 1282 2562 reliquit,
1303 2483 1392 2547 omni
1412 2502 1474 2560 ope
1534 2482 1537 2498 '

328 2600 463 2663 foveant
489 2608 522 2663 et
548 2601 672 2664 nutrire
698 2608 864 2664 conentur.
909 2601 1045 2664 Parochi
1071 2601 1209 2664 vicarios
1235 2619 1310 2662 suos
1335 2599 1476 2677 benigne

328 2724 362 2779 et
390 2715 565 2779 liberaliter
592 2725 746 2791 tractent,
774 2725 808 2780 et
830 2717 972 2780 vicissim
996 2717 1109 2781 vicarii
1137 2717 1286 2797 parochis
1313 2725 1474 2794 tanquam

328 2832 546 2910 superioribus
565 2833 795 2908 obedientiam,
813 2835 979 2908 honorem,
998 2841 1099 2912 atque
1118 2834 1153 2895 in
1172 2833 1286 2897 officiis
1303 2831 1474 2895 ministerii

328 2968 461 3026 operam
478 2950 680 3026 postulatam
697 2949 814 3013 animis
830 2949 1063 3012 lubentissimis
1080 2957 1256 3028 praestent.
1304 2946 1395 3027 (Syn.
1415 2948 1474 3022 II.,

330 3063 415 3142 218.)

371 3216 400 3278 9.
445 3215 562 3278 Stricta
582 3216 803 3279 sacerdotibus
831 3217 1026 3279 mandamus
1043 3225 1084 3279 ut
1103 3217 1220 3279 saltem
1237 3216 1273 3277 in
1291 3215 1424 3278 ecclesia
1443 3223 1478 3278 et

329 3331 365 3393 in
385 3332 483 3395 domo
501 3332 674 3409 paroeciali
693 3340 820 3395 vestem
839 3333 977 3395 talarem
998 3341 1186 3396 constanter
1206 3339 1329 3410 gerant.
1375 3333 1478 3394 Foras

330 3469 408 3512 vero
437 3468 540 3526 quum
569 3448 757 3526 prodierint,
789 3449 867 3528 quia
900 3449 1032 3512 clericos
1061 3469 1081 3512 a
1111 3449 1246 3512 caeteris
1275 3469 1342 3511 non
1372 3447 1477 3510 solum

331 3572 421 3628 statu
446 3584 484 3627 ac
508 3565 703 3639 conditione,
729 3565 911 3628 sedetiam
935 3573 1027 3628 veste
1050 3565 1207 3642 distingui
1231 3573 1371 3643 oportet,
1398 3564 1478 3642 ipsis

331 3680 463 3743 omnino
479 3681 679 3759 injungimus
696 3681 735 3744 iis
752 3681 869 3744 saltem
884 3682 936 3744 uti
952 3681 1100 3745 vestibus
1117 3653 1202 3760 quae
1219 3701 1279 3745 suo
1296 3688 1478 3760 congruant

330 3796 445 3871 ordini,
464 3797 595 3872 scilicet,
614 3818 699 3878 quae
714 3798 797 3876 nigri
814 3798 880 3861 sint
897 3797 1021 3872 coloris,
1039 3806 1073 3862 et
1090 3798 1179 3862 omni
1196 3806 1316 3861 ornatu
1332 3804 1475 3871 careant,

331 3913 461 3992 sintque
473 3914 515 3976 ab
528 3915 618 3978 omni
628 3914 797 3977 mundana
807 3914 957 3978 vanitate
974 3933 1104 3994 prorsus
1117 3915 1249 3977 alienae.
1296 3912 1389 3994 (Syn.
1406 3914 1478 3992 1v.,

213 4085 220 4094 .
332 4031 407 4106 2233
425 4029 507 4092 Can.
524 4029 607 4108 136.)

376 4198 424 4261 10.
468 4196 676 4262 Residentiae
685 4198 865 4263 laboriosae
874 4199 1056 4277 refragatur
1066 4200 1196 4273 abusus,
1205 4217 1271 4278 quo
1281 4197 1477 4272 sacerdotes,

333 4313 496 4393 completa
506 4312 578 4377 vioe
588 4314 813 4378 hebdomadae
825 4335 911 4390 suae,
925 4315 1086 4378 immunes
1098 4335 1133 4378 se
1143 4315 1267 4378 habent
1279 4334 1300 4378 a
1311 4313 1481 4378 laboribus
