3538 5190
347 555 390 617 40
690 575 735 618 os
758 573 984 622 srcmnsnro
1005 575 1157 622 onnnns.

349 751 459 814 istiam
472 772 599 816 sumere
610 761 747 831 possunt
759 755 858 817 sernel
870 763 928 818 aut
940 755 991 820 bis
1003 755 1037 818 in
1048 756 1265 831 hebdomada,
1278 757 1341 820 etsi
1352 757 1498 837 aliquam

346 867 544 932 medicinam
569 870 622 932 vel
648 870 772 950 aliquid
797 890 855 948 per
878 872 1014 934 modurn
1039 882 1138 951 potus
1163 882 1261 937 antea
1287 873 1495 952 sumpserint.

349 981 442 1063 (Syn.
458 985 526 1060 IV..
542 988 595 1062 53;
615 986 696 1049 Can.
711 985 798 1063 858.)
909 1011 912 1018 ⁴

388 1128 438 1190 82.
483 1127 632 1191 Maxima
651 1129 779 1192 cautela
799 1129 963 1193 abstineat
984 1130 1141 1205 sacerdos,
1163 1139 1313 1209 aegrotos
1342 1131 1493 1206 invisens,

347 1262 415 1305 non
438 1251 571 1307 tanturn
596 1265 616 1307 a
640 1253 744 1320 reatu,
771 1246 828 1308 sed
852 1246 953 1310 etiam
977 1248 1020 1310 ab
1044 1247 1135 1310 omni
1159 1267 1289 1326 prorsus
1314 1247 1496 1326 suspicione

345 1359 502 1434 avaritae,
522 1361 549 1422 si
574 1361 744 1424 consilium
762 1362 921 1440 imprimis
946 1363 1107 1442 porrigere
1124 1364 1166 1427 de
1183 1363 1395 1442 dispositione
1413 1373 1496 1428 tem-

347 1475 507 1554 poralium
522 1476 584 1554 ipsi
600 1477 780 1556 contigerit.
825 1479 916 1542 Onus
932 1479 1134 1543 describendi
1148 1489 1192 1555 et,
1209 1481 1272 1543 nisi
1286 1500 1346 1558 pro
1361 1481 1492 1556 clericis,

345 1593 541 1672 exsequendi
570 1603 806 1659 testamentum
829 1605 1016 1661 constanter
1038 1607 1173 1661 recuset.
1220 1596 1310 1676 (Syn.
1337 1599 1393 1673 11,
1421 1601 1493 1674 1083

347 1711 413 1784 IV,
434 1707 517 1787 124.)

769 1871 976 1943 TITULUS
1006 1872 1075 1942 1x.
1166 1832 1168 1838 ’

640 2022 701 2091 Do
724 2021 997 2094 sacramento
1020 2024 1205 2094 Ordlnls.

386 2169 436 2232 83.
481 2169 650 2246 Quantum
671 2189 710 2232 ex
732 2189 766 2232 se
787 2178 847 2244 est,
871 2171 1054 2235 sacerdotes
1086 2172 1225 2250 gratiam
1246 2172 1428 2236 vocationis
1451 2172 1494 2236 ad

344 2292 470 2348 statum
501 2285 734 2349 sacerdotalem
763 2285 799 2348 in
827 2287 1002 2365 juvenibus
1032 2288 1119 2366 aptis
1148 2297 1182 2352 et
1213 2288 1318 2366 dignis
1358 2289 1493 2353 foveant

343 2408 445 2480 atque
478 2410 703 2480 promoveant.
748 2403 902 2467 Parentes
927 2424 1057 2484 quoque
1081 2413 1233 2471 aceruate
1256 2405 1494 2470 devocatione

345 2517 560 2581 ecclesiastica
582 2518 731 2593 doceant,
745 2539 788 2582 ne
804 2519 847 2583 ad
864 2520 968 2582 altare
984 2520 1110 2599 indigni
1129 2521 1288 2585 sistantur
1304 2530 1363 2585 aut
1381 2522 1492 2585 vocati

343 2633 387 2696 ab
402 2633 498 2696 altari
512 2643 714 2698 avertantur.
762 2634 853 2714 (Syn.
871 2636 930 2715 11,
949 2635 1032 2713 110.)

386 2776 435 2838 84.
480 2775 640 2839 Fidelium
663 2777 810 2840 studium
833 2778 961 2856 saepius
983 2779 1225 2842 hortationibus
1248 2781 1429 2843 accendant
1452 2789 1491 2844 ut

343 2891 564 2970 eleemosynas
592 2892 627 2954 in
654 2913 736 2971 opus
765 2882 935 2957 Seminarii
962 2914 1020 2957 seu
1047 2895 1237 2960 clericorum
1274 2896 1491 2959 institutionis

343 3008 519 3072 liberaliter
546 3009 724 3073 conferant.
769 3010 907 3087 Quando
935 3012 1070 3074 collecta
1097 3031 1156 3090 pro
1184 3011 1372 3086 Seminario,
1402 3013 1491 3092 quod
1570 3059 1573 3063 -

343 3123 485 3187 maxime
510 3124 615 3188 Nobis
640 3126 729 3189 cordi
755 3134 814 3201 est,
842 3127 1018 3206 quotannis
1044 3115 1206 3202 indicitur,
1234 3129 1388 3191 hortandi
1414 3138 1491 3193 sunt

342 3241 454 3304 fideles
470 3249 509 3304 ut
527 3261 566 3304 eo
583 3241 737 3306 libentius
754 3243 899 3307 subsidia
916 3244 1113 3322 elargiantur
1131 3245 1209 3323 quia
1226 3245 1373 3323 proiecto
1390 3246 1491 3308 talem

343 3357 592 3421 beneficentiam
608 3358 797 3422 muneribus
814 3360 939 3438 gratiae
952 3380 1030 3424 suae
1048 3361 1138 3424 Deus
1154 3340 1358 3425 tortunabit?
1396 3360 1488 3441 (Syn.

346 3475 390 3549 II,
413 3478 484 3551 111;
513 3476 565 3550 V,
584 3474 650 3553 92.)

385 3619 435 3681 85.
480 3618 652 3692 Parochus,
681 3618 716 3681 in
742 3618 839 3696 cujus
862 3619 1010 3697 paroecia
1037 3619 1142 3683 clerici
1169 3620 1348 3695 Seminarii,
1377 3621 1488 3685 schola

341 3740 492 3807 vacante,
527 3732 660 3811 degunt,
694 3742 832 3811 paterna
865 3734 1081 3799 sollicitudine
1113 3755 1210 3813 super
1241 3755 1296 3798 eos
1330 3736 1486 3814 invigilet.

340 3848 484 3912 Eosdem
512 3849 581 3927 jam
609 3849 765 3913 adhibeat
794 3849 828 3912 in
856 3850 1016 3914 tradendo
1045 3851 1187 3930 puerulis
1216 3852 1422 3926 catechismo,
1453 3853 1488 3915 in

339 3965 431 4028 chori
454 3965 566 4028 officiis
588 3965 808 4041 inserviendis,
827 3966 861 4029 in
879 3967 1078 4049 caeterisque
1100 3967 1134 4031 id
1156 3968 1280 4046 generis
1301 3969 1488 4032 ministeriis

344 4081 575 4145 ecclesiasticis.
619 4081 736 4145 Finitis
773 4083 1010 4163 vacationibus,
1048 4084 1238 4147 testimonia
1275 4084 1365 4148 vitae
1402 4085 1487 4148 infra

340 4197 439 4260 ‘ferias
459 4206 492 4261 et
511 4218 640 4262 morum
664 4218 774 4262 coram
798 4198 941 4262 Domino
964 4200 1094 4276 scribat,
1116 4221 1219 4280 eaque
1244 4200 1287 4264 ad
1313 4203 1487 4266 Rectorem

339 4313 513 4377 Seminarii
525 4315 635 4377 clausa
647 4316 863 4379 transmittat.
911 4315 1001 4395 (syn.
1018 4317 1087 4395 IV,
1109 4315 1192 4390 129.)
