3538 5190
641 625 685 667 DE
708 624 809 669 BONIS
832 623 1107 670 TEMPORALIBUS.

715 854 922 927 TITULUS
952 856 1039 925 XV.

590 1013 652 1083 De
670 1015 802 1085 Bonis
824 1014 1156 1094 Temporallbus.

344 1169 412 1232 171.
457 1168 669 1232 Declaramus
679 1169 995 1233 administrationem
1006 1171 1167 1233 bonorum
1177 1170 1329 1234 ecclesiae
1339 1170 1446 1233 exclu-

300 1283 368 1347 sive
382 1284 425 1347 ad
438 1284 725 1363 Archiepiscopum
739 1286 900 1364 pertinere
916 1284 1028 1363 (salvis
1045 1286 1254 1366 caeteroquin
1271 1286 1445 1364 privilegiis

300 1399 550 1478 religiosorum);
574 1421 643 1476 nec,
659 1402 722 1464 nisi
738 1402 809 1480 ejus
827 1422 985 1465 consensu
1002 1411 1036 1466 et
1052 1403 1193 1477 licentia,
1212 1403 1284 1465 aliis
1301 1402 1446 1481 personis

298 1517 366 1579 ullo
383 1524 555 1595 praetextu
572 1518 734 1581 committi
752 1538 854 1597 posse.
902 1517 992 1597 (Syn.
1013 1519 1069 1594 II.,
1091 1521 1164 1595 180;
1191 1519 1274 1583 Can.
1295 1517 1399 1596 1519.)

343 1650 411 1712 172.
456 1648 542 1713 Hinc
559 1650 668 1712 nullus
686 1651 834 1713 sacerdos
852 1651 1006 1714 retinebit
1024 1651 1095 1729 jure
1113 1659 1147 1714 et
1165 1651 1297 1714 nomine
1314 1651 1447 1729 proprio

299 1765 475 1839 ecclesiam,
493 1766 646 1841 scholam,
663 1767 900 1841 coemeterium,
918 1767 1053 1830 domum
1068 1767 1282 1846 paroecialem
1297 1769 1365 1831 sive
1380 1768 1445 1832 alia

300 1901 524 1962 quaecumque
548 1883 645 1956 bona,
673 1903 757 1963 quae
783 1883 1003 1946 oblationibus
1029 1892 1062 1947 et
1089 1884 1274 1962 sumptibus
1299 1882 1445 1947 fidelium

220 2058 222 2062 Α
299 2006 358 2061 aut
385 2018 423 2060 ex
449 2007 543 2076 parte
569 2007 628 2062 aut
654 1999 778 2077 integre
805 2009 995 2078 comparata
1021 2001 1155 2075 fuerint;
1195 2001 1252 2063 sed
1279 2001 1384 2064 Nobis
1409 2010 1444 2065 et

299 2114 491 2177 haeredibus
519 2115 649 2178 Nostris
679 2112 862 2194 (corporate
887 2116 975 2179 title:
1015 2116 1108 2179 “The
1135 2116 1266 2180 Roman
1294 2116 1445 2181 Catholic

299 2230 502 2308 Archbishop
519 2231 554 2293 oi
570 2230 732 2309 Bost0n”)
764 2233 982 2295 instrumento
999 2233 1093 2310 legali
1111 2233 1232 2311 scripto
1248 2234 1336 2296 bona
1353 2253 1448 2310 prae«

299 2346 389 2409 dicta
407 2347 649 2425 quamprimum
668 2347 855 2426 assignabit.
901 2349 934 2411 Si
952 2369 1030 2411 vero
1050 2349 1123 2428 quis
1142 2349 1300 2424 sacerdos,
1321 2349 1445 2429 absque

300 2463 422 2526 Nostra
443 2464 661 2541 permissione,
683 2464 819 2527 titulum
840 2465 958 2528 talium
978 2466 1138 2529 bonorum
1160 2466 1291 2544 proprio
1312 2466 1444 2528 nornine

298 2599 356 2658 per
376 2587 443 2642 tres
462 2599 589 2642 menses
609 2580 758 2655 retineat,
782 2581 983 2644 declaramus
1004 2602 1079 2645 eum
1100 2602 1206 2660 poena
1226 2581 1445 2660 suspensionis

298 2695 447 2758 innodari
462 2715 565 2774 posse.
612 2694 702 2775 (Syn.
721 2691 777 2772 II,
797 2699 869 2773 181;
898 2698 964 2772 lv,
983 2696 1068 2775 213.)

343 2829 410 2892 173.
456 2829 614 2892 Pecuniae
629 2849 716 2904 vero,
733 2830 849 2909 quovis
864 2831 962 2893 titulo
977 2831 1020 2894 ad
1035 2831 1218 2909 paroeciam
1232 2831 1442 2910 pertinentes,

297 2944 431 3007 minime
450 2945 581 3007 nomine
601 2946 733 3023 parochi
753 2946 884 3024 privato
903 2947 1106 3010 retineantur
1125 2948 1178 3010 vel
1198 2948 1233 3010 in
1251 2955 1327 3011 tuto
1348 2948 1444 3011 collo·

299 3069 426 3138 centur;
463 3062 519 3124 sed
543 3062 632 3139 apud
656 3063 855 3140 argentarios
878 3063 1086 3141 deponantur
1109 3064 1241 3127 nomine
1265 3065 1441 3142 paroeciae,

298 3177 392 3256 cujus
412 3177 557 3240 thesauri
578 3179 740 3255 parochus
760 3187 810 3242 est
832 3187 942 3242 custos
962 3188 1096 3243 tantrun
1120 3178 1364 3258 (“treasurer”).
1409 3180 1443 3247 si
1479 3223 1481 3228 -

298 3293 456 3371 paroecia,
475 3313 548 3356 aere
565 3294 670 3356 alieno
687 3295 777 3358 haud
794 3305 941 3373 gravata,
960 3296 1104 3374 possidet
1122 3297 1195 3374 plus
1212 3316 1313 3375 quam
1330 3296 1443 3359 decem

296 3410 399 3472 millia
413 3417 616 3473 scutatorum
635 3407 807 3488 (tloooo),
824 3412 913 3491 quod
927 3413 1012 3475 hanc
1027 3432 1191 3475 summam
1206 3421 1338 3490 superat
1353 3413 1442 3490 apud

296 3525 591 3605 Archiepiscopum,
630 3527 665 3589 in
699 3547 796 3590 usum
832 3527 940 3591 dictae
975 3529 1143 3606 paroeciae
1179 3529 1440 3604 custodiendum,

295 3642 488 3721 deponatur.
535 3640 625 3722 (Syn.
646 3643 696 3718 V.,
720 3642 804 3722 125.)

340 3777 408 3840 174.
452 3776 591 3854 Quando
604 3775 742 3854 religiosi
756 3777 927 3855 cujusdam
945 3777 1113 3856 paroeciae
1129 3778 1277 3857 regimini
1293 3786 1327 3843 et
1345 3799 1441 3843 curae

295 3892 472 3971 praepositi
489 3891 620 3966 fuerint,
641 3893 774 3957 ecclesia
793 3902 985 3974 caeteraque
1005 3896 1093 3958 bona
1116 3895 1332 3959 ecclesiastica
1356 3916 1441 3975 quae

294 4008 348 4071 vel
373 4008 459 4072 dono
484 4009 538 4072 vel
565 4009 785 4073 oblationibus
811 4010 965 4085 fidelium,
993 4010 1028 4073 in
1055 4011 1211 4086 caritatis
1237 4012 1441 4090 religionisve

294 4123 445 4202 operibus
468 4124 695 4203 impendenda,
720 4126 881 4206 acquisita
903 4127 1046 4202 hrerunt,
1071 4129 1115 4192 ad
1138 4127 1346 4191 Ordinarium
1370 4149 1441 4206 per-

293 4240 397 4304 tinere
417 4241 644 4316 censebuntur,
663 4241 725 4304 nisi
749 4251 876 4306 constet
900 4242 955 4305 illa
978 4242 1092 4306 Ordini
1113 4244 1166 4306 vel
1187 4243 1441 4322 Congregationi

293 4356 328 4419 in
345 4357 490 4434 ipsorum
505 4377 603 4420 usum
619 4358 744 4421 tradita
760 4358 868 4422 fuisse.
917 4357 1007 4438 (Syn.
1026 4360 1077 4435 V,
1100 4357 1183 4437 128.)
