3538 5190
336 565 378 630 60
621 579 668 625 on
691 579 902 628 nac1srnn10
924 580 1198 629 neccesnsrrco.

335 760 412 825 huic
434 761 523 840 operi
546 761 699 839 praebere
721 781 886 823 summum
909 781 968 839 pro
990 780 1085 840 posse
1106 759 1348 838 adjumentum
1383 759 1473 839 quod

336 878 364 941 si
379 878 452 957 quis
467 886 603 953 recuset,
621 878 703 941 sciat
719 897 788 940 sese
802 877 908 940 officio
924 897 983 940 suo
998 897 1066 940 non
1080 877 1276 940 satisfacere.
1320 877 1482 955 Urgemus
1580 877 1583 882 '

336 1014 448 1058 omnes
464 995 622 1072 parochos
636 1002 676 1057 ut
692 994 834 1057 scumda
849 993 1012 1057 dominica
1027 993 1213 1056 novembris
1228 992 1485 1072 uniuscujusque

336 1110 414 1174 anni
427 1129 555 1188 gregem
567 1110 629 1172 sibi
640 1110 846 1173 commissam
858 1109 1071 1188 ephemeridis
1083 1109 1262 1172 catholicae
1274 1108 1318 1172 ad
1330 1109 1484 1172 interesse

336 1227 534 1290 catholicum
550 1226 809 1304 promovendum
825 1226 1003 1301 instruant;
1031 1225 1248 1305 omnibusque
1264 1224 1483 1304 persuadeant

335 1352 375 1406 ut
407 1343 548 1406 Nostrae
578 1342 776 1420 ephemeridr'
807 1342 1073 1406 subnotationem
1103 1343 1342 1406 transmittant.
1390 1338 1482 1419 (Syn.

336 1461 386 1534 V,
403 1458 448 1537 7.)

380 1594 449 1656 163.
492 1592 656 1655 Vetantur
692 1590 797 1654 clerici
834 1591 1012 1654 saeculares
1048 1591 1118 1654 sine
1153 1611 1312 1654 consensu
1349 1590 1482 1665 Nostro,

336 1708 474 1787 religiosi
499 1728 577 1771 vero
602 1707 671 1770 sine
695 1707 827 1770 licentia
852 1707 902 1769 sui
928 1706 1106 1786 Superioris
1130 1706 1273 1784 majoris
1301 1714 1335 1770 et
1360 1706 1485 1770 Nostra

335 1845 476 1905 quoque,
496 1825 595 1889 libros
614 1843 770 1903 quosque,
791 1824 848 1903 qui
866 1824 908 1887 de
926 1825 1022 1888 rebus
1041 1823 1185 1902 profanis
1203 1831 1358 1898 tractent,
1379 1823 1483 1898 edere,

336 1950 370 2005 et
393 1941 428 2004 in
450 1940 570 2014 diariis
595 1940 689 2013 foliis,
713 1940 767 2003 vel
789 1941 905 2003 libellis
927 1939 1097 2018 periodicis
1120 1939 1258 2003 scribere
1280 1940 1334 2003 vel
1366 1940 1483 2002 eadem

335 2057 506 2121 moderari.
553 2055 645 2135 (Syn.
665 2057 717 2135 V,
735 2059 769 2133 8;
796 2056 878 2119 Can.
902 2054 1006 2133 1386.)

653 2273 707 2336 ΒΕ
723 2273 866 2337 Sonoms
882 2275 1167 2336 Panoacmnens.

381 2425 449 2488 164.
493 2423 652 2487 Volumus
671 2431 704 2486 et
723 2423 918 2486 mandamus
936 2430 985 2496 ut,
1006 2422 1041 2484 in
1060 2422 1192 2500 singulis
1211 2421 1367 2500 paroeciis
1384 2421 1484 2500 hujus

337 2540 518 2605 dioeceseos
543 2540 578 2602 in
603 2539 722 2619 quibus
747 2559 814 2602 non
840 2539 938 2602 luerit
970 2558 1100 2617 prorsus
1138 2538 1345 2617 impossibile,
1374 2539 1484 2602 schola

337 2657 534 2736 paroecialis,
557 2657 584 2718 si
610 2656 757 2719 nondum
776 2656 905 2729 existat,
924 2655 1076 2735 erigatur,
1094 2655 1129 2718 in
1149 2632 1219 2734 qua
1235 2654 1363 2733 juniora
1380 2656 1484 2733 gregis

337 2773 451 2836 Nostri
474 2773 623 2835 membra
646 2792 721 2835 cum
744 2773 863 2835 litteris
886 2772 1077 2836 erudiantur
1100 2780 1174 2835 tum
1197 2771 1274 2834 fidei
1296 2771 1484 2834 rudimenta

337 2889 509 2954 addiscant
538 2896 572 2951 et
600 2888 763 2951 Ecclesiae
791 2889 971 2967 praeceptis
999 2888 1212 2951 instruantur.
1257 2887 1309 2950 De
1336 2886 1484 2966 impossi-

336 3005 466 3069 bilitate
478 3004 621 3068 scholam
632 3004 774 3083 erigendi
792 3004 952 3067 Nostrum
964 3005 1026 3068 erit
1039 3004 1192 3082 judicare.
1223 3001 1314 3082 (Syn.
1333 3004 1402 3078 1v.,
1416 3003 1481 3082 25.)

381 3141 450 3204 165.
494 3139 646 3203 Parochis
668 3138 763 3201 simul
784 3138 965 3201 ornandum
986 3146 1095 3201 estut
1117 3137 1247 3201 scholae
1266 3157 1344 3200 suae
1373 3137 1482 3212 finem,

338 3255 381 3319 ad
404 3275 501 3335 quem
523 3263 650 3318 erectae
672 3263 758 3330 sunt,
783 3275 895 3333 reapse
917 3255 1094 3333 attingant,
1117 3255 1290 3333 nullusque
1312 3254 1416 3333 possit
1437 3254 1483 3317 eis

337 3371 436 3449 objici
459 3369 704 3434 insufficientiae
727 3378 785 3434 aut
809 3370 956 3434 inscitiae
979 3378 1175 3450 praetextus.
1219 3370 1384 3434 Laborent
1407 3390 1484 3448 ergo

339 3487 521 3552 sacerdotes
541 3495 581 3550 ut
602 3507 622 3550 a
643 3486 833 3566 parentibus
853 3486 888 3549 in
908 3486 1135 3550 aestimatione
1161 3486 1355 3561 habeantur,
1377 3495 1421 3561 et,
1443 3495 1483 3550 ut

339 3603 431 3682 pueri
454 3622 529 3665 cum
553 3603 674 3666 affectu
697 3610 731 3665 et
754 3603 903 3682 proiectu
926 3622 980 3666 eas
1004 3603 1229 3684 frequentent;
1257 3623 1364 3683 saepe,
1386 3604 1485 3668 semel

338 3719 456 3784 saltem
472 3719 507 3783 in
524 3719 742 3794 hebdomada,
759 3739 815 3784 eas
831 3719 976 3794 visitent,
991 3719 1227 3798 interrogantes
1244 3739 1284 3783 ac
1300 3719 1483 3783 erudientes

338 3854 464 3914 pueros,
483 3855 522 3898 ac
538 3835 701 3914 magistris
718 3835 865 3898 animum
882 3835 1049 3899 addentes.
1096 3833 1187 3914 (Syn.
1208 3836 1275 3910 IV,
1296 3834 1361 3914 31.)

383 3970 452 4033 166.
495 3968 617 4032 Omnes
647 3978 798 4047 parentes
828 3968 979 4032 catholici
1009 3969 1132 4048 prolem
1163 3989 1256 4032 suam
1286 3969 1330 4032 ad
1359 3969 1485 4032 scholas

339 4083 535 4163 paroeciales
551 4084 684 4149 mittere
712 4093 875 4160 tenentru,
894 4085 957 4148 nisi
974 4085 1028 4149 vel
1046 4084 1136 4149 domi
1153 4084 1207 4149 vel
1224 4085 1259 4148 in
1277 4085 1349 4149 aliis
1367 4085 1484 4149 scholis

338 4200 508 4265 catholicis
533 4201 728 4265 christianae
752 4201 892 4265 filiorum
920 4221 1051 4265 suorum
1078 4202 1263 4266 educationi
1291 4201 1485 4265 sufficienter

341 4301 538 4392 consultant,
571 4326 629 4382 aut
659 4318 702 4382 ob
733 4338 865 4382 causam
896 4318 1117 4393 sufficientem,
1149 4320 1192 4382 ab
1223 4318 1482 4398 Archiepiscopo‚
