3538 5190
347 550 387 612 58
631 567 676 611 DE
699 565 911 613 MAGISTERIO
933 569 1205 615 ECCLESIASTICO.

344 746 527 810 doctrinam
549 754 749 825 pertractent
768 767 853 826 quae
873 746 915 810 de
936 747 1091 826 Symbolo
1112 758 1171 823 est,
1194 749 1236 812 de
1257 749 1487 822 SacramentiS,

344 863 386 926 de
402 863 574 941 Decalog0‚
586 863 628 926 de
643 863 807 938 Oratione,
819 871 853 927 et
866 863 907 926 de
920 865 1100 943 praeceptis
1113 865 1285 928 Ecclesiae.
1333 864 1424 944 (Syn.
1437 866 1489 942 V.,

347 982 399 1057 12;
426 980 508 1044 Can.
528 983 617 1054 1336,
638 979 741 1058 1345.)

388 1115 456 1178 156.
500 1112 549 1175 Sit
576 1132 681 1176 sermo
707 1112 942 1176 concionatoris
967 1114 1071 1177 facilis
1096 1123 1130 1178 et
1155 1123 1370 1193 opportunus
1398 1115 1491 1178 audi-

343 1237 454 1292 torum
472 1228 584 1307 captui
602 1237 636 1292 et
653 1229 791 1292 utilitati
810 1230 1050 1304 accomodatus,
1071 1239 1172 1310 atque
1196 1231 1346 1295 ministro
1367 1231 1490 1294 Christi

344 1346 437 1424 cujus
453 1345 540 1409 vices
556 1345 705 1410 sacerdos
721 1345 803 1423 gerit
819 1345 949 1424 dignum
977 1346 1097 1410 idcirco
1120 1348 1282 1410 curabunt
1305 1347 1491 1412 sacerdotes

342 1470 382 1526 ut
404 1482 575 1540 nunquam
596 1461 640 1524 ad
664 1461 851 1524 concionem
874 1463 1034 1540 prodeant
1057 1463 1210 1542 imparati
1233 1463 1297 1526 nisi
1319 1463 1491 1542 inopinata

341 1586 457 1657 urgeat
482 1578 666 1641 necessitas,
720 1578 831 1641 Sciant
855 1598 935 1641 vero
960 1579 1094 1659 parochi
1122 1600 1219 1643 suum
1250 1599 1318 1642 esse
1347 1580 1490 1643 officium

343 1715 364 1758 a
379 1695 508 1758 vicariis
526 1713 706 1757 sermonem
724 1696 808 1757 bene
828 1695 1059 1759 concinnatum
1080 1696 1219 1774 exigere;
1246 1697 1489 1776 praebeantque

343 1820 377 1876 et
397 1811 459 1889 ipsi
479 1811 662 1889 exemplum
684 1810 819 1888 dignum
843 1811 964 1890 quippe
987 1812 1076 1891 quod
1099 1812 1146 1874 illi
1169 1812 1348 1876 imitentur.
1396 1811 1488 1891 (Syn.

343 1929 394 2004 V.,
416 1926 479 2005 11.)

387 2064 455 2126 157.
500 2061 646 2124 Pericula
668 2081 752 2141 quae
774 2061 873 2124 fidem
897 2062 1091 2125 catholicam
1113 2061 1312 2126 labefactare
1333 2062 1489 2124 minitan-

341 2188 406 2253 tur,
422 2179 611 2256 praesertim
628 2177 717 2256 apud
734 2177 942 2255 juventutem
959 2178 1135 2252 incautam,
1151 2178 1374 2241 demonstrare
1388 2187 1489 2258 atque

342 2316 450 2360 arcere
466 2295 556 2358 omni
576 2294 737 2357 industria
753 2302 787 2357 et
804 2294 1019 2357 sollicitudine
1040 2296 1224 2358 sacerdotes
1245 2303 1412 2372 satagant:
1440 2295 1490 2358 in-

342 2412 613 2477 differentismum
630 2412 665 2474 in
681 2431 716 2474 re
732 2410 880 2489 religiosa
892 2419 1052 2490 tanquam
1069 2431 1209 2474 errorem
1226 2411 1488 2475 exitiosissimum

342 2551 362 2593 a
375 2529 496 2608 populo
507 2527 595 2590 fideli
608 2527 720 2590 sedulo
733 2527 891 2605 depellere
907 2528 1078 2603 studeant;
1103 2548 1124 2591 a
1141 2526 1290 2606 periculis
1307 2527 1487 2606 spiritismi,

344 2645 518 2709 “scientiae
544 2644 770 2718 christianae‚’'
798 2652 831 2707 et
858 2652 1070 2722 cognatorum
1095 2664 1249 2718 errorum,
1278 2644 1486 2706 Dominicam

341 2782 470 2842 gregem
494 2761 685 2836 defendant;
702 2769 736 2824 et
753 2780 853 2840 quam
868 2761 1010 2824 maxime
1026 2769 1141 2824 contra
1166 2760 1370 2824 seductiones
1390 2760 1488 2822 falsa·

340 2900 414 2942 rum
439 2877 661 2941 doctrinarum
687 2897 771 2956 quae
794 2876 854 2940 sub
877 2877 1008 2940 nomine
1032 2877 1205 2941 socialismi
1231 2885 1264 2940 et
1289 2875 1489 2941 anarchismi

340 2996 376 3059 in
392 2995 460 3058 dies
475 2994 580 3073 magis
595 2993 763 3072 magisque
780 2993 916 3071 grassari
932 2993 1096 3067 videntur,
1114 2992 1224 3056 fideles
1242 3001 1276 3056 et
1293 2992 1485 3070 praesertim

340 3111 504 3190 operarios
520 3109 758 3189 praemuniant.
805 3107 896 3188 (Syn.
914 3110 965 3186 V.,
985 3108 1029 3187 5.)

385 3247 453 3309 158.
498 3244 678 3307 Hortamur
702 3243 886 3308 sacerdotes
908 3251 947 3306 ut
969 3262 1067 3306 omne
1089 3242 1236 3306 studium
1259 3241 1293 3304 in
1315 3240 1487 3304 ebrietatis

340 3362 423 3426 vitio
464 3360 661 3424 eliminando
701 3367 836 3438 ponant.
886 3359 984 3422 Hunc
1014 3359 1049 3421 in
1078 3359 1177 3420 finem
1208 3357 1366 3421 inducant
1405 3377 1489 3437 quos

341 3479 507 3558 potuerint
535 3476 645 3540 fideles
672 3484 711 3539 ut
739 3497 759 3539 a
786 3476 919 3554 potibus
946 3475 1183 3538 inebriantibus
1211 3474 1313 3537 etiam
1340 3473 1489 3536 totaliter

341 3595 537 3668 abstineant,
558 3594 611 3656 vel
631 3592 699 3666 soli,
720 3592 773 3655 vel
792 3592 875 3654 inita
894 3612 969 3655 cum
988 3592 1060 3654 aliis
1079 3591 1243 3665 societate,
1266 3610 1351 3670 quae
1370 3589 1487 3668 spiritu

341 3711 501 3776 catholico
531 3719 671 3788 regatur,
701 3717 801 3788 atque
831 3729 964 3787 precum
993 3717 1027 3771 et
1058 3715 1336 3771 sacramentorum
1362 3707 1489 3769 virtute

340 3828 434 3892 sociis
451 3827 537 3890 vires
554 3827 749 3890 necessarias
767 3833 930 3904 procuret;
949 3825 1100 3887 omnibus
1118 3833 1152 3888 et
1169 3825 1270 3886 verbo
1288 3832 1322 3887 et
1340 3822 1489 3900 exemplo

340 3952 489 4009 auctores
518 3943 584 4006 sint
612 3951 651 4006 ut
680 3942 715 4005 in
743 3943 805 4004 hac
834 3941 1013 4020 periculosa
1041 3961 1076 4004 re
1104 3959 1287 4019 numquam
1316 3939 1486 4001 excedant.
1551 3924 1554 3934 ¹

344 4060 434 4140 (Syn.
457 4060 525 4134 1v.,
549 4058 614 4136 39.)

384 4195 452 4257 159.
496 4192 526 4255 A
542 4191 680 4255 theatris
697 4200 731 4255 et
749 4191 820 4254 aliis
837 4190 1039 4269 spectaculis
1058 4190 1098 4252 iis
1114 4189 1266 4252 videlicet
1284 4188 1341 4268 qui
1357 4186 1487 4250 nonnisi

340 4309 496 4390 peccandi
515 4328 628 4370 ansam
647 4309 834 4386 praebeant,
854 4307 965 4370 fideles
983 4314 1145 4370 avertant.
1190 4305 1333 4368 Choreas
1352 4303 1489 4383 promis-
